@article{Li,
    title = {{A Novel Subspace Partition Method for Fourth-Order Statistics Based MUSIC Algorithm}},
    author = {Li, Wenxing},
    number = {5},
    keywords = {direction of arrival, estimation, multiple signal classification, subspace partition, virtual array}
}

@article{Tan2014,
    title = {{Direction of arrival estimation using co-prime arrays: A super resolution viewpoint}},
    year = {2014},
    journal = {IEEE Transactions on Signal Processing},
    author = {Tan, Zhao and Eldar, Yonina C. and Nehorai, Arye},
    number = {21},
    pages = {5565--5576},
    volume = {62},
    isbn = {1053-587X VO - 62},
    doi = {10.1109/TSP.2014.2354316},
    issn = {1053587X},
    arxivId = {1312.7793},
    keywords = {Co-prime arrays, continuous sparse recovery, direction of arrival estimation, source number detection, super resolution}
}

@article{Ahmed2017,
    title = {{Effective Nested Array Design for Fourth-Order Cumulant-Based DOA Estimation}},
    year = {2017},
    author = {Ahmed, Ammar and Zhang, Yimin D},
    pages = {998--1002},
    isbn = {9781467388238},
    keywords = {direction-of-arrival estimation, fourth-order difference co-array, sparse array}
}

@article{Shen2017,
    title = {{Focused compressive sensing for underdetermined wideband DOA estimation exploiting high-order difference coarrays}},
    year = {2017},
    journal = {IEEE Signal Processing Letters},
    author = {Shen, Qing and Liu, Wei and Cui, Wei and Wu, Siliang and Zhang, Yimin D. and Amin, Moeness G.},
    number = {1},
    pages = {86--90},
    volume = {24},
    doi = {10.1109/LSP.2016.2638880},
    issn = {10709908},
    keywords = {Compressive sensing (CS), direction of arrival (DOA) estimation, focusing, group sparsity (GS), high-order difference coarray}
}

@article{Technoiegy19945,
    title = {{({\$}5 .00 )}},
    year = {1994},
    journal = {Computing},
    author = {Technoiegy, Computing S},
    number = {4},
    pages = {962--966},
    volume = {42}
}

@article{2012cReserved.,
    title = {{(c) {\textcopyright} 2012. 2011. AllianceTek.com - All Rights Reserved.}},
    year = {2012},
    number = {c},
    pages = {2--5},
    volume = {1},
    url = {http://www.alliancetek.com/downloads/article/comparison-chart-for-mobile-app.pdf}
}

@article{Maitlis1961..,
    title = {{. . 1 1 .}},
    year = {1961},
    journal = {Chemical Reviews},
    author = {Maitlis, P M},
    number = {1},
    pages = {223},
    isbn = {1212011120},
    doi = {10.13712/j.cnki.dzykt.2014.04.015}
}

@article{00138588,
    title = {{00138588}}
}

@article{04696389,
    title = {{04696389}}
}

@article{08448552,
    title = {{08448552}}
}

@article{Rshq2014,
    title = {{??????????}},
    year = {2014},
    author = {Rshq, Vkrxog and Shuvshfwlyhv, Q H Z and Duud, I R U},
    pages = {2242--2246},
    volume = {5},
    isbn = {9781479928934}
}

@article{Joshi2011AFPGA,
    title = {{A 2D IIR spatially-bandpass antenna beamformer on a 65 nm Achronix SPD60 asynchronous FPGA}},
    year = {2011},
    journal = {Midwest Symposium on Circuits and Systems},
    author = {Joshi, Rimesh M. and Madanayake, Arjuna and Bruton, Len T.},
    pages = {11--14},
    isbn = {9781612848570},
    doi = {10.1109/MWSCAS.2011.6026297},
    issn = {15483746}
}

@article{Dansereau2003AProcessing,
    title = {{A 4D frequency-planar IIR filter and its application to light field processing}},
    year = {2003},
    journal = {Circuits and Systems, 2003. ISCAS '03. Proceedings of the 2003 International Symposium on},
    author = {Dansereau, D and Bruton, L},
    number = {2},
    pages = {IV-476-IV-479 vol.4},
    volume = {4},
    isbn = {0780377613},
    doi = {10.1109/ISCAS.2003.1205915},
    keywords = {IIR filters;frequency response;multidimensional di}
}

@article{Edussooriya2015AVideos,
    title = {{A 5-D IIR depth-velocity filter for enhancing objects moving on linear-trajectories in light field videos}},
    year = {2015},
    journal = {Proceedings - IEEE International Symposium on Circuits and Systems},
    author = {Edussooriya, Chamira and Bruton, Len and Agathoklis, Panajotis},
    pages = {2381--2384},
    volume = {2015-July},
    isbn = {9781479983919},
    doi = {10.1109/ISCAS.2015.7169163},
    issn = {02714310},
    keywords = {Multidimensional Signal Processing,Depth-Velocity}
}

@article{Malik2014ABeamforming,
    title = {{A Bayesian Framework for Blind Adaptive Beamforming}},
    year = {2014},
    journal = {IEEE Transactions on Signal Processing},
    author = {Malik, Sarmad and Benesty, Jacob and Chen, Jingdong},
    number = {9},
    pages = {2370--2384},
    volume = {62},
    url = {http://ieeexplore.ieee.org/lpdocs/epic03/wrapper.htm?arnumber=6763092},
    doi = {10.1109/TSP.2014.2310432},
    issn = {1053-587X}
}

@article{Belouchrani1997AStatistics,
    title = {{A blind source separation technique using second-order statistics}},
    year = {1997},
    journal = {IEEE Transactions on Signal Processing},
    author = {Belouchrani, Adel and Abed-Meraim, Karim and Cardoso, Jean François and Moulines, Eric},
    isbn = {1053-587X},
    doi = {10.1109/78.554307},
    issn = {1053587X},
    arxivId = {arXiv:0912.2412v1}
}

@article{Ke2011AGeometry,
    title = {{A fourth order cumulant-based MUSIC algorithm for nonplanar array with arbitrary geometry}},
    year = {2011},
    journal = {2011 IEEE International Conference on Signal Processing, Communications and Computing, ICSPCC 2011},
    author = {Ke, He and Yan'An, Zhao and Jun, Bai and Baojun, Li},
    number = {1},
    pages = {2--5},
    volume = {1},
    isbn = {9781457708947},
    doi = {10.1109/ICSPCC.2011.6061772},
    keywords = {MUSIC, fourth-order cumulant, nonplanar}
}

@article{Chen2013AArrays,
    title = {{A general approach to the design and implementation of linear differential microphone arrays}},
    year = {2013},
    journal = {2013 Asia-Pacific Signal and Information Processing Association Annual Summit and Conference},
    author = {Chen, Jingdong and Benesty, Jacob},
    pages = {1--7},
    url = {http://ieeexplore.ieee.org/lpdocs/epic03/wrapper.htm?arnumber=6694113},
    isbn = {978-986-90006-0-4},
    doi = {10.1109/APSIPA.2013.6694113},
    issn = {0001-4966}
}

@article{Wong2001ASensitivity,
    title = {{A generalized direct-form delta operator-based IIR filter with minimum noise gain and sensitivity}},
    year = {2001},
    journal = {IEEE Transactions on Circuits and Systems II: Analog and Digital Signal Processing},
    author = {Wong, N. and Ng, T. S.},
    doi = {10.1109/82.933811},
    issn = {10577130},
    keywords = {Delta operator, Direct-form, IIR filter, Minimization, Roundoff noise, Sensitivity}
}

@article{Madanayake2005AFilter,
    title = {{A low-complexity scanned-array 3D IIR frequency-planar filter}},
    year = {2005},
    journal = {Proceedings - IEEE International Symposium on Circuits and Systems},
    author = {Madanayake, H. L P A and Bruton, L. T.},
    number = {2},
    pages = {2032--2035},
    isbn = {0780388348},
    doi = {10.1109/ISCAS.2005.1465016},
    issn = {02714310}
}

@article{Li2007AFilters,
    title = {{A matrix factorization-based structure for digital filters}},
    year = {2007},
    journal = {IEEE Transactions on Signal Processing},
    author = {Li, Gang and Chu, Jian and Wu, Jun},
    isbn = {1053-587X},
    doi = {10.1109/TSP.2007.896111},
    issn = {1053587X},
    keywords = {Digital filter structures, Finite-word-length (FWL) effects, Roundoff noise, State-space realizations}
}

@article{Zrudsky1990AConverter,
    title = {{A Multichannel Minimum-Seeking Analog-to-Digital Converter}},
    year = {1990},
    journal = {IEEE Transactions on Circuits and Systems},
    author = {Zrudsky, D. R. and Ternus, J. and Miller, D. G.},
    doi = {10.1109/31.103229},
    issn = {00984094}
}

@article{Pan2015AReduction,
    title = {{A multistage minimum variance distortionless response beamformer for noise reduction}},
    year = {2015},
    journal = {The Journal of the Acoustical Society of America},
    author = {Pan, Chao and Chen, Jingdong and Benesty, Jacob},
    number = {3},
    pages = {1377--1388},
    volume = {137},
    url = {http://scitation.aip.org/content/asa/journal/jasa/137/3/10.1121/1.4913459},
    doi = {10.1121/1.4913459},
    issn = {0001-4966}
}

@techreport{Frost1972AProcessing,
    title = {{A n Algorithm For Linearly Constrained Adaptive Array Processing}},
    year = {1972},
    booktitle = {PROCEEDINGS OF THE IEEE},
    author = {Frost, Otis Lamont},
    number = {8},
    volume = {60}
}

@article{Pillai1985AEstimation,
    title = {{A New Approach to Array Geometry for Improved Spatial Spectrum Estimation}},
    year = {1985},
    journal = {Proceedings of the IEEE},
    author = {Pillai, S. Unnikrishna and Bar-Ness, Yeheskel and Haber, Fred},
    doi = {10.1109/PROC.1985.13324},
    issn = {15582256}
}

@article{Pillai1985AEstimationb,
    title = {{A New Approach to Array Geometry for Improved Spatial Spectrum Estimation}},
    year = {1985},
    journal = {Proceedings of the IEEE},
    author = {Pillai, S. Unnikrishna and Bar-Ness, Yeheskel and Haber, Fred},
    doi = {10.1109/PROC.1985.13324},
    issn = {15582256}
}

@article{Vaidyanathan1986AFilters,
    title = {{A new approach to the realization of low-sensitivity IIR digital filters}},
    year = {1986},
    journal = {IEEE Transactions on Acoustics, Speech, and Signal Processing},
    author = {Vaidyanathan, P. P. and Mitra, Sanjit K. and Neuvo, YrjÖ},
    doi = {10.1109/TASSP.1986.1164829},
    issn = {00963518}
}

@article{Vaidyanathan1986AFiltersb,
    title = {{A new approach to the realization of low-sensitivity IIR digital filters}},
    year = {1986},
    journal = {IEEE Transactions on Acoustics, Speech, and Signal Processing},
    author = {Vaidyanathan, P. P. and Mitra, Sanjit K. and Neuvo, YrjÖ},
    doi = {10.1109/TASSP.1986.1164829},
    issn = {00963518}
}

@article{Pal1981AStructures,
    title = {{A New Class of Very Low Sensitivity and Low Roundoff Noise Recursive Digital Filter Structures}},
    year = {1981},
    journal = {IEEE Transactions on Circuits and Systems},
    author = {Pal, Ranendra N. and Hirano, Kotaro},
    doi = {10.1109/TCS.1981.1084940},
    issn = {00984094}
}

@article{VaidysnsthsnABLOCKSC,
    title = {{A NEW CLASS OF VERY LOW SENSITIVITY CASCADE-FORM DIGITAL—FILTERS BASED ON "PASSIVE" SECOND ORDER SINGLE—INPUT SINGLE—OUTPUT BUILDING BLOCKSC}},
    author = {Vaidysnsthsn, P P and Nitra, S K}
}

@article{Karaboga2009AFilters,
    title = {{A new design method based on artificial bee colony algorithm for digital IIR filters}},
    year = {2009},
    journal = {Journal of the Franklin Institute},
    author = {Karaboga, Nurhan},
    isbn = {0016-0032},
    doi = {10.1016/j.jfranklin.2008.11.003},
    issn = {00160032},
    keywords = {Artificial bee colony algorithm, Digital IIR filters, Swarm-based optimization, System identification}
}

@article{Karaboga2009AFiltersb,
    title = {{A new design method based on artificial bee colony algorithm for digital IIR filters}},
    year = {2009},
    journal = {Journal of the Franklin Institute},
    author = {Karaboga, Nurhan},
    isbn = {0016-0032},
    doi = {10.1016/j.jfranklin.2008.11.003},
    issn = {00160032},
    keywords = {Artificial bee colony algorithm, Digital IIR filters, Swarm-based optimization, System identification}
}

@article{PadirAENCODING,
    title = {{A NEW DIGITAL RECURSIVE FILTER STRUCTURE BASED ON DELTA MODULATION ENCODING*}},
    author = {Padir, Halil and Franks, L E}
}

@article{PadirAOSCILLATIONS,
    title = {{A NEW DIGITAL RECURSIVE FILTER STRUCTURE WITH LOW ROUNDOFF NOISE AND LOW LIMIT CYCLE OSCILLATIONS*}},
    author = {Padir, Halil and Franks, L E}
}

@article{Wen2010AModel,
    title = {{A New DOA Estimation Approach Using Volterra Signal Model}},
    year = {2010},
    journal = {Information Systems Research},
    author = {Wen, Fuxi and Ng, Boon Poh},
    number = {May},
    pages = {1--20},
    volume = {639798},
    doi = {10.1007/s11045-013-0228-5},
    issn = {0923-6082},
    keywords = {array signal processing, direction-of-arrival, doa, estimation, higher-order statistics, volterra filter}
}

@article{Zhang2005ADelays,
    title = {{A New Method for Stabilization of Networked Control Systems With Random Delays}},
    year = {2005},
    journal = {IEEE TRANSACTIONS ON AUTOMATIC CONTROL},
    author = {Zhang, Liqian and Shi, Yang and Chen, Tongwen and Huang, Biao},
    number = {8},
    volume = {50},
    doi = {10.1109/TAC.2005.852550}
}

@article{Ward1986ABeamforming,
    title = {{A novel algorithm and architecture for adaptive digital beamforming}},
    year = {1986},
    journal = {IEEE Transactions on Antennas and Propagation},
    author = {Ward, C. and Hargrave, P. and McWhirter, J.},
    number = {3},
    pages = {338--346},
    volume = {34},
    url = {http://ieeexplore.ieee.org/articleDetails.jsp?arnumber=1143818},
    doi = {10.1109/TAP.1986.1143818},
    issn = {0096-1973},
    keywords = {Adaptive arrays, Adaptive systems, Array signal processing, Dynamic range, Jamming, Least squares methods, Minimization methods, Phased arrays, Radar antennas, Signal processing antennas, Systolic arrays, Very large scale integration}
}

@inproceedings{Madanayake2008AApplications,
    title = {{A real-time systolic array processor implementation of two-dimensional IIR filters for radio-frequency smart antenna applications}},
    year = {2008},
    booktitle = {Proceedings - IEEE International Symposium on Circuits and Systems},
    author = {Madanayake, Arjuna and Bruton, Len T.},
    isbn = {9781424416844},
    doi = {10.1109/ISCAS.2008.4541652},
    issn = {02714310}
}

@article{Madanayake2005ACircuits,
    title = {{A review of 2D/3D iir plane-wave real-time digital filter circuits}},
    year = {2005},
    journal = {Canadian Conference on Electrical and Computer Engineering},
    author = {Madanayake, A. and Bruton, L. T.},
    number = {May},
    pages = {1935--1941},
    volume = {2005},
    isbn = {0-7803-8885-2},
    doi = {10.1109/CCECE.2005.1557361},
    issn = {08407789},
    keywords = {Architecture, Digital filters, FPGA, Multidimensional, Plane-wave, Xilinx}
}

@article{Er1990APerturbations,
    title = {{A robust formulation for an optimum beamformer subject to amplitude and phase perturbations}},
    year = {1990},
    journal = {Signal Processing},
    author = {Er, M. H.},
    doi = {10.1016/0165-1684(90)90004-I},
    issn = {01651684},
    keywords = {Antenna array processing, Robust beamforming}
}

@article{Malioutov2005AArrays,
    title = {{A sparse signal reconstruction perspective for source localization with sensor arrays}},
    year = {2005},
    journal = {IEEE Transactions on Signal Processing},
    author = {Malioutov, D. and Cetin, M. and Willsky, A.S.},
    number = {8},
    pages = {3010--3022},
    volume = {53},
    url = {http://ieeexplore.ieee.org/xpl/login.jsp?tp=&arnumber=1468495&url=http://ieeexplore.ieee.org/xpls/abs_all.jsp?arnumber=1468495\nhttp://ieeexplore.ieee.org/articleDetails.jsp?arnumber=1468495},
    isbn = {1053-587X},
    doi = {10.1109/TSP.2005.850882},
    issn = {1053-587X},
    pmid = {1468495},
    keywords = {Acoustic sensors, Array signal processing, Direction-of-arrival estimation, Maximum likelihood estimation, Multiple signal classification, Sensor arrays, Signal reconstruction, Signal representations, Signal resolution, Singular value decomposition, Spatial resolution, array signal processing, automatic selection criterion, data matrix, direction-of-arrival estimation, grid refinement method, optimization, overcomplete representation, regularization parameter, second-order cone programming framework, sensor array processing, signal reconstruction, signal representation, signal resolution, signal sampling, signal superresolution, singular value decomposition, source localization, source localization method, sparse representation, sparse signal reconstruction perspective, sparse signal representation, spatial spectrum estimation, superresolution, time-frequency analysis}
}

@article{HenryP.Decell1965AMatrix,
    title = {{A special form of a generalized inverse of an arebitrary complex matrix}},
    year = {1965},
    journal = {National Aeronautics and Space Administration},
    author = {Henry P. Decell, Jr. and Morrison, J D},
    number = {November},
    isbn = {1111111111}
}

@article{Madanayake2008AFilters,
    title = {{A speed-optimized systolic array processor architecture for spatio-temporal 2-D IIR broadband beam filters}},
    year = {2008},
    journal = {IEEE Transactions on Circuits and Systems I: Regular Papers},
    author = {Madanayake, H. L.P.Arjuna and Bruton, Leonard T.},
    number = {7},
    pages = {1953--1966},
    volume = {55},
    isbn = {1549-8328},
    doi = {10.1109/TCSI.2008.918214},
    issn = {10577122},
    keywords = {2-D, Array, Beam, Broadband, Digital, Digital signal processing (DSP), Field-programmable gate array (FPGA), Filter, Infinite-impulse response (IIR), Plane wave, Sensors, Systolic, VLSI}
}

@article{Madanayake2008AFiltersb,
    title = {{A speed-optimized systolic array processor architecture for spatio-temporal 2-D IIR broadband beam filters}},
    year = {2008},
    journal = {IEEE Transactions on Circuits and Systems I: Regular Papers},
    author = {Madanayake, H. L.P.Arjuna and Bruton, Leonard T.},
    isbn = {1549-8328},
    doi = {10.1109/TCSI.2008.918214},
    issn = {10577122},
    keywords = {2-D, Array, Beam, Broadband, Digital, Digital signal processing (DSP), Field-programmable gate array (FPGA), Filter, Infinite-impulse response (IIR), Plane wave, Sensors, Systolic, VLSI}
}

@article{Madanayake2008ABeamformer,
    title = {{A Systolic Array 2-D IIR Broadband RF Beamformer}},
    year = {2008},
    journal = {IEEE Transactions on Circuits and Systems II: Express Briefs},
    author = {Madanayake, H. L P Arjuna and Bruton, Leonard Thomas and Hum, Sean V.},
    number = {12},
    pages = {1244--1248},
    volume = {55},
    isbn = {1549-7747},
    doi = {10.1109/TCSII.2008.2008053},
    issn = {15583791},
    keywords = {Array signal processing, finite-difference time-do-main (FDTD) methods, multidimensional digital filters}
}

@article{Madanayake2008ABeamformerb,
    title = {{A Systolic Array 2-D IIR Broadband RF Beamformer}},
    year = {2008},
    journal = {IEEE Transactions on Circuits and Systems II: Express Briefs},
    author = {Madanayake, H. L P Arjuna and Bruton, Leonard Thomas and Hum, Sean V.},
    isbn = {1549-7747},
    doi = {10.1109/TCSII.2008.2008053},
    issn = {15583791},
    keywords = {Array signal processing, finite-difference time-do-main (FDTD) methods, multidimensional digital filters}
}

@article{Madanayake2008AFiltersc,
    title = {{A Systolic-Array Architecture for First-Order 3-D IIR Frequency-Planar Filters}},
    year = {2008},
    author = {Madanayake, H L P Arjuna and Member, Student and Bruton, Len T},
    number = {6},
    pages = {1546--1559},
    volume = {55}
}

@article{Powell1991AFilters,
    title = {{A Technique for Realizing Linear Phase IIR Filters}},
    year = {1991},
    journal = {IEEE Transactions on Signal Processing},
    author = {Powell, Scott R. and Chau, Paul M.},
    doi = {10.1109/78.97998},
    issn = {19410476}
}

@article{Arulampalam2002ATracking,
    title = {{A Tutorial on Particle Filters for Online Nonlinear/Non-Gaussian Bayesian Tracking }},
    year = {2002},
    journal = {IEEE Transactions on Signal Processing},
    author = {Arulampalam, M S and Maskell, S and Gordon, N and Clapp, T},
    number = {2},
    pages = {174--188},
    volume = {50},
    url = {http://ieeexplore.ieee.org/stamp/stamp.jsp?tp=&arnumber=978374&userType=inst papers2://publication/doi/10.1109/78.978374},
    isbn = {1053-587X VO - 50},
    doi = {10.1109/78.978374},
    issn = {1053587X},
    pmid = {978374}
}

@incollection{Er2009AProcessors,
    title = {{A unified approach to the design of robust narrow-band antenna array processors}},
    year = {2009},
    booktitle = {Adaptive Antennas for Wireless Communications},
    author = {Er, Meng Hwa and Cantoni, Antonio},
    isbn = {9780470544075},
    doi = {10.1109/9780470544075.ch4},
    issn = {15582221}
}

@techreport{ACOUSTICTELECOMMUNICATION,
    title = {{ACOUSTIC SIGNAL PROCESSING FOR TELECOMMUNICATION}}
}

@book{2000AcousticTelecommunication,
    title = {{Acoustic Signal Processing for Telecommunication}},
    year = {2000},
    isbn = {978-1-4613-4656-2},
    doi = {10.1007/978-1-4419-8644-3},
    issn = {00262692},
    pmid = {1920211}
}

@misc{Kundu2014AcousticLocalization,
    title = {{Acoustic source localization}},
    year = {2014},
    booktitle = {Ultrasonics},
    author = {Kundu, Tribikram},
    number = {1},
    month = {1},
    pages = {25--38},
    volume = {54},
    doi = {10.1016/j.ultras.2013.06.009},
    issn = {0041624X},
    pmid = {23870388},
    keywords = {Acoustic emission, Guided wave, Lamb wave Optimization, Source localization}
}

@article{Nehorai1994AcousticProcessing,
    title = {{Acoustic Vector-Sensor Array Processing}},
    year = {1994},
    journal = {IEEE TRANSACTIONS ON SIGNAL PROCESSING},
    author = {Nehorai, Arye and Paldi, Eytan},
    volume = {429}
}

@inproceedings{Shahar2016ActivePointers:GPUs,
    title = {{ActivePointers: A Case for Software Address Translation on GPUs}},
    year = {2016},
    booktitle = {Proceedings - 2016 43rd International Symposium on Computer Architecture, ISCA 2016},
    author = {Shahar, Sagi and Bergman, Shai and Silberstein, Mark},
    isbn = {9781467389471},
    doi = {10.1109/ISCA.2016.58},
    issn = {0163-5964},
    keywords = {Memory management, Operating systems, Parallel architectures}
}

@article{Moayedi2010AdaptiveMeasurements,
    title = {{Adaptive Kalman Filtering in Networked Systems With Random Sensor Delays, Multiple Packet Dropouts and Missing Measurements}},
    year = {2010},
    journal = {IEEE TRANSACTIONS ON SIGNAL PROCESSING},
    author = {Moayedi, Maryam and Foo, Yung K and Soh, Yeng C},
    number = {3},
    volume = {58},
    doi = {10.1109/TSP.2009.2037853}
}

@article{Swami1988AdaptiveCumulants,
    title = {{Adaptive system identification using cumulants}},
    year = {1988},
    journal = {ICASSP-88., International Conference on Acoustics, Speech, and Signal Processing},
    author = {Swami, a. and Mendel, J.M.},
    number = {6},
    pages = {2248--2251},
    volume = {1},
    url = {http://ieeexplore.ieee.org/lpdocs/epic03/wrapper.htm?arnumber=197084},
    doi = {10.1109/ICASSP.1988.197084},
    issn = {07367791}
}

@article{Bienvenu1980AdaptivityMethods,
    title = {{Adaptivity to background noise spatial coherence for high resolution passive methods}},
    year = {1980},
    journal = {ICASSP '80. IEEE International Conference on Acoustics, Speech, and Signal Processing},
    author = {Bienvenu, G. and Kopp, L.},
    number = {1},
    pages = {307--310},
    volume = {5},
    doi = {10.1109/ICASSP.1980.1171029}
}

@article{Ko1994AnSinusoids,
    title = {{An Adaptive IIR Structure for the Separation, Enhancement, and Tracking of Multiple Sinusoids}},
    year = {1994},
    author = {Ko, C C},
    number = {10},
    pages = {2832--2834},
    volume = {42}
}

@article{Bitzer1999AnBeamformer,
    title = {{An alternative implementation of the superdirective beamformer}},
    year = {1999},
    journal = {Proceedings of the 1999 IEEE Workshop on Applications of Signal Processing to Audio and Acoustics. WASPAA'99 (Cat. No.99TH8452)},
    author = {Bitzer, J. and Kammeyer, K.-D. and Simmer, K.U.},
    number = {3},
    pages = {1--4},
    isbn = {0-7803-5612-8},
    doi = {10.1109/ASPAA.1999.810836}
}

@article{GeladoAnSystems,
    title = {{An Asymmetric Distributed Shared Memory Model for Heterogeneous Parallel Systems}},
    author = {Gelado, Isaac and Cabezas, Javier and Navarro, Nacho and Stone, John E and Patel, Sanjay and Hwu, Wen-Mei W},
    keywords = {Asymmetric Distributed Shared Memory, D42 [Operating Systems]: Storage Management-Distributed Memories General Terms Design, Data-centric Programming Models, Experimentation, Performance Keywords Heterogeneous Systems}
}

@article{Cai2017AnCoarrays,
    title = {{An expanding and shift scheme for constructing fourth-order difference coarrays}},
    year = {2017},
    journal = {IEEE Signal Processing Letters},
    author = {Cai, J. and Liu, W. and Zong, R. and Shen, Q.},
    number = {4},
    pages = {480--484},
    volume = {24},
    doi = {10.1109/LSP.2017.2664500},
    issn = {10709908},
    keywords = {Cumulant, fourth-order difference co-Array (FODCA), second-order difference coarray (SODCA), sparse arrays}
}

@article{Candes2008AnAcquisition,
    title = {{An introduction to compressive sampling: A sensing/sampling paradigm that goes against the common knowledge in data acquisition}},
    year = {2008},
    journal = {IEEE Signal Processing Magazine},
    author = {Candes, Emmanuel J. and Wakin, Michael B.},
    number = {2},
    pages = {21--30},
    volume = {25},
    isbn = {1053-5888 VO - 25},
    doi = {10.1109/MSP.2007.914731},
    issn = {10535888},
    pmid = {4472240},
    arxivId = {arXiv:1307.1360v1}
}

@article{Madanayake2015AnReceivers,
    title = {{An overview of multi-dimensional RF signal processing for array receivers}},
    year = {2015},
    journal = {MERCon 2015 - Moratuwa Engineering Research Conference},
    author = {Madanayake, Arjuna and Wijenayake, Chamith and Belostotski, Leonid and Bruton, Len T.},
    pages = {255--259},
    isbn = {9781479917402},
    doi = {10.1109/MERCon.2015.7112355},
    keywords = {Multidimensional Signal Processing, Phased Arrays}
}

@article{Hawe2013AnalysisReconstruction,
    title = {{Analysis Operator Learning and its Application to Image Reconstruction}},
    year = {2013},
    author = {Hawe, Simon and Kleinsteuber, Martin and Diepold, Klaus and Description, A Problem},
    number = {6},
    pages = {2138--2150},
    volume = {22}
}

@article{Elad2006AnalysisPriors,
    title = {{Analysis versus synthesis in signal priors}},
    year = {2006},
    journal = {European Signal Processing Conference},
    author = {Elad, Michael and Milanfar, Peyman and Rubinstein, Ron},
    volume = {947},
    isbn = {0266-5611},
    doi = {10.1088/0266-5611/23/3/007},
    issn = {22195491}
}

@article{Madanayake2011Antenna-arraySystems,
    title = {{Antenna-array 2D-IIR digital filters for carrier-modulated frequency-agile and cognitive wireless systems}},
    year = {2011},
    journal = {Proceedings - IEEE International Symposium on Circuits and Systems},
    author = {Madanayake, Arjuna and Bahrami, Hamid Reza and Bruton, Len T.},
    pages = {961--964},
    isbn = {9781424494736},
    doi = {10.1109/ISCAS.2011.5937727},
    issn = {02714310},
    keywords = {Beamforming, Multidimensional signal processing, D}
}

@article{Randeny2015Aperture-arrayFront-ends,
    title = {{Aperture-array directional sensing using 2-D beam digital filters with doppler-radar front-ends}},
    year = {2015},
    journal = {MERCon 2015 - Moratuwa Engineering Research Conference},
    author = {Randeny, Tharindu and Madanayake, Arjuna and Sengupta, Arindam and Li, Yiran and Li, Changzhi},
    pages = {265--270},
    isbn = {9781479917402},
    doi = {10.1109/MERCon.2015.7112357},
    keywords = {2-D IIR digital filters, Multidimensional signal processing, cyberphysical systems, directional sensing, doppler, radar}
}

@inproceedings{Randeny2015Aperture-arrayFront-endsb,
    title = {{Aperture-array directional sensing using 2-D beam digital filters with doppler-radar front-ends}},
    year = {2015},
    booktitle = {MERCon 2015 - Moratuwa Engineering Research Conference},
    author = {Randeny, Tharindu and Madanayake, Arjuna and Sengupta, Arindam and Li, Yiran and Li, Changzhi},
    isbn = {9781479917402},
    doi = {10.1109/MERCon.2015.7112357},
    issn = {0020-1383},
    keywords = {2-D IIR digital filters, Multidimensional signal processing, cyberphysical systems, directional sensing, doppler, radar}
}

@article{Mendel1999ApplicationsProcessing,
    title = {{Applications of Cumulants to array processing}},
    year = {1999},
    author = {Mendel, Jerry M},
    number = {9},
    pages = {2589--2592},
    volume = {47}
}

@article{Dogan1995ApplicationsSuppression,
    title = {{Applications of Cumulants to Array Processing Part 11 : Non-Gaussian Noise Suppression}},
    year = {1995},
    journal = {Processing},
    author = {Dogan, Mithat C and Mendel, Jerry M},
    number = {7},
    volume = {43}
}

@article{Case1997ApplicationsIn,
    title = {{Applications of Cumulants to Array Processing — Part IV : Direction Finding in}},
    year = {1997},
    author = {Case, Coherent Signals and Mendel, Jerry M and Do, Mithat C},
    number = {9},
    pages = {2265--2276},
    volume = {45}
}

@techreport{Do1995ApplicationsCalibration,
    title = {{Applications of Cumulants to Array Processing-Part I: Aperture Extension and Array Calibration}},
    year = {1995},
    booktitle = {IEEE TRANSACTIONS ON SIGNAL PROCESSING},
    author = {Do{\&}, Mithat C and Mendel, Jeny M},
    number = {5},
    volume = {43}
}

@article{Dogan1995ApplicationsCalibration,
    title = {{Applications of Cumulants to Array Processing—Part I: Aperture Extension and Array Calibration}},
    year = {1995},
    journal = {IEEE Transactions on Signal Processing},
    author = {Do{\u{g}}an, Mithat C. and Mendel, Jerry M.},
    number = {5},
    pages = {1200--1216},
    volume = {43},
    doi = {10.1109/78.382404},
    issn = {19410476}
}

@article{Madanayake2016ApplicationsBeamforming,
    title = {{Applications of RF aperture-array spatially-bandpass 2-D IIR filters in sub-Nyquist spectrum sensing, wideband doppler radar and radio astronomy beamforming}},
    year = {2016},
    journal = {Multidimensional Systems and Signal Processing},
    author = {Madanayake, Arjuna and Randeny, Tharindu and Udayanga, Nilan and Sengupta, Arindam and Jones, Glenn and Wijenayake, Chamith and Bruton, Len T.},
    pages = {1--26},
    publisher = {Springer US},
    doi = {10.1007/s11045-016-0423-2},
    issn = {15730824},
    keywords = {Cognitive radio, EARS, Localization, Multi-dimensional signal processing, Radar, Sub-Nyquist}
}

@article{Madanayake2017ApplicationsBeamforming,
    title = {{Applications of RF aperture-array spatially-bandpass 2-D IIR filters in sub-Nyquist spectrum sensing, wideband doppler radar and radio astronomy beamforming}},
    year = {2017},
    journal = {Multidimensional Systems and Signal Processing},
    author = {Madanayake, Arjuna and Randeny, Tharindu and Udayanga, Nilan and Sengupta, Arindam and Jones, Glenn and Wijenayake, Chamith and Bruton, Len T.},
    doi = {10.1007/s11045-016-0423-2},
    issn = {15730824},
    keywords = {Cognitive radio, EARS, Localization, Multi-dimensional signal processing, Radar, Sub-Nyquist}
}

@article{Liao2018ArraySystems,
    title = {{Array signal processing and systems}},
    year = {2018},
    journal = {Multidimensional Systems and Signal Processing},
    author = {Liao, Bin and Madanayake, Arjuna and Agathoklis, Panajotis},
    isbn = {1104501805},
    doi = {10.1007/s11045-018-0555-7},
    issn = {15730824}
}

@article{FuxiARRAYMODEL,
    title = {{ARRAY SIGNAL PROCESSING USING SPATIAL DOMAIN INFINITE IMPULSE RESPONSE STRUCTURE AND VOLTERRA MODEL}},
    author = {Fuxi, Wen}
}

@misc{Kalinli2005ArtificialDesign,
    title = {{Artificial immune algorithm for IIR filter design}},
    year = {2005},
    booktitle = {Engineering Applications of Artificial Intelligence},
    author = {Kalinli, Adem and Karaboga, Nurhan},
    doi = {10.1016/j.engappai.2005.03.009},
    issn = {09521976},
    keywords = {Ant colony algorithm, Genetic algorithm, IIR filter design, Immune algorithm}
}

@article{Cardoso1995AsymptoticCumulants,
    title = {{Asymptotic Performance Analysis of Direction-Finding Algorithms Based on Fourth-Order Cumulants}},
    year = {1995},
    journal = {IEEE Transactions on Signal Processing},
    author = {Cardoso, Jean François and Moulines, Eric},
    number = {1},
    pages = {214--224},
    volume = {43},
    doi = {10.1109/78.365301},
    issn = {19410476}
}

@article{Dov2015Audio-VisualMaps,
    title = {{Audio-Visual Voice Activity Detection Using Diffusion Maps}},
    year = {2015},
    author = {Dov, David and Talmon, Ronen and Cohen, Israel},
    number = {4},
    pages = {732--745},
    volume = {23}
}

@article{Oliveri2011BayesianArrays,
    title = {{Bayesian compressive sampling for pattern synthesis with maximally sparse non-uniform linear arrays}},
    year = {2011},
    journal = {IEEE Transactions on Antennas and Propagation},
    author = {Oliveri, Giacomo and Massa, Andrea},
    number = {2},
    pages = {467--481},
    volume = {59},
    isbn = {0018-926X},
    doi = {10.1109/TAP.2010.2096400},
    issn = {0018926X},
    keywords = {Array synthesis, Bayesian compressive sampling (BCS), linear arrays, relevance vector machine, sparse arrays}
}

@article{Carlin2013BayesianArrays,
    title = {{Bayesian compressive sensing as applied to directions-of-arrival estimation in planar arrays}},
    year = {2013},
    journal = {Journal of Electrical and Computer Engineering},
    author = {Carlin, Matteo and Rocca, Paolo and Oliveri, Giacomo and Massa, Andrea},
    volume = {2013},
    doi = {10.1155/2013/245867},
    issn = {20900147}
}

@article{Tao2013BeamformerProcesses,
    title = {{Beamformer Based on Hypercomplex Processes}},
    year = {2013},
    author = {Tao, Jian-wu},
    number = {2},
    volume = {49}
}

@article{Hum2009BeamformingFilters,
    title = {{Beamforming using 2-D Digital Filters}},
    year = {2009},
    author = {Hum, S V and Madanayake, H L P A and Bruton, L T},
    number = {3},
    pages = {804--807},
    volume = {57}
}

@article{VanBeamforming:Filtering,
    title = {{Beamforming: A Versatile Approach to Spatial Filtering}},
    author = {Van, Barry D}
}

@techreport{VanVeenBeamforming:Filtering,
    title = {{Beamforming: A Versatile Approach to Spatial Filtering}},
    author = {Van Veen, Barry D and Buckley, Kevin M}
}

@techreport{VanVeenBeamforming:Filteringb,
    title = {{Beamforming: A Versatile Approach to Spatial Filtering}},
    author = {Van Veen, Barry D and Buckley, Kevin M}
}

@misc{BenjaminE,
    title = {{Benjamin Graham, Jason Zweig, Warren E}}
}

@article{Yao1998BlindSystem,
    title = {{Blind beamforming on a randomly distributed sensor array system}},
    year = {1998},
    journal = {IEEE Journal on Selected Areas in Communications},
    author = {Yao, Kung and Hudson, R E and Reed, C W and Chen, Daching and Lorenzelli, F},
    number = {8},
    pages = {1555--1567},
    volume = {16},
    url = {http://dx.doi.org/10.1109/49.730461\npapers2://publication/doi/10.1109/49.730461},
    doi = {10.1109/49.730461},
    issn = {07338716}
}

@article{Wijenayake2012BroadbandArrays,
    title = {{Broadband multiple cone-beam 3-D IIR digital filters applied to planar dense aperture arrays}},
    year = {2012},
    journal = {IEEE Transactions on Antennas and Propagation},
    author = {Wijenayake, Chamith and Madanayake, Arjuna and Bruton, Len},
    number = {11},
    pages = {5136--5146},
    volume = {60},
    doi = {10.1109/TAP.2012.2211316},
    issn = {0018926X},
    keywords = {Antenna arrays, Digital beamforming, Digital signal processors, Phased arrays (PAs), Planar arrays, Radio astronomy}
}

@book{Friedlander2009ClassicalEstimation,
    title = {{Classical and modern direction-of-arrival estimation}},
    year = {2009},
    author = {Friedlander, Benjamin.},
    pages = {429},
    publisher = {Academic},
    isbn = {9780123745248}
}

@article{Rabideau2000ClutterRadar,
    title = {{Clutter and jammer multipath cancellation in airborne adaptive radar}},
    year = {2000},
    journal = {IEEE Transactions on Aerospace and Electronic Systems},
    author = {Rabideau, Daniel J.},
    number = {2},
    pages = {565--583},
    volume = {36},
    isbn = {0018-9251},
    doi = {10.1109/7.845243},
    issn = {00189251}
}

@article{Wang2014CoarrayArrays,
    title = {{Coarray based optimum geometries for DOA estimation with multiple CRPA GPS arrays Coarray Based Optimum Geometries for DOA Estimation with Multiple CRPA GPS Arrays}},
    year = {2014},
    author = {Wang, Xiangrong and Wang, Xiangrong and Amin, Moeness and Ahmad, Fauzia and Aboutanios, Elias},
    number = {March 2016}
}

@article{Berkun2015CombinedBeamforming,
    title = {{Combined Beamformers for Robust Broadband Regularized Superdirective Beamforming}},
    year = {2015},
    journal = {IEEE/ACM Transactions on Audio, Speech, and Language Processing},
    author = {Berkun, Reuven and Cohen, Israel and Benesty, Jacob},
    number = {1130},
    pages = {1--1},
    volume = {XX},
    url = {http://ieeexplore.ieee.org/lpdocs/epic03/wrapper.htm?arnumber=7054466},
    doi = {10.1109/TASLP.2015.2410139},
    issn = {2329-9290}
}

@article{Li1993ComparativeParameterizations,
    title = {{Comparative study of finite wordlength effects in shift and delta operator parameterizations}},
    year = {1993},
    journal = {IEEE Transactions on Automatic Control},
    author = {Li, Gang and Gevers, Michel},
    doi = {10.1109/9.277251},
    issn = {00189286}
}

@article{Oliveri2012Complex-weightSampling,
    title = {{Complex-weight sparse linear array synthesis by Bayesian compressive sampling}},
    year = {2012},
    journal = {IEEE Transactions on Antennas and Propagation},
    author = {Oliveri, Giacomo and Carlin, Matteo and Massa, Andrea},
    number = {5},
    pages = {2309--2326},
    volume = {60},
    isbn = {0018-926X},
    doi = {10.1109/TAP.2012.2189742},
    issn = {0018926X},
    keywords = {Array synthesis, Bayesian compressive sampling, complex-weight pattern, linear arrays, shaped-beam pattern, sparse arrays}
}

@article{Romero2016CompressiveSparsity,
    title = {{Compressive Covariance Sensing: Structure-based compressive sensing beyond sparsity}},
    year = {2016},
    journal = {Signal Processing Magazine, IEEE},
    author = {Romero, D and Ariananda, D and Tian, Z and Leus, G},
    number = {1},
    pages = {78--93},
    volume = {33},
    isbn = {978-0-387-92919-4},
    doi = {10.1109/MSP.2015.2486805},
    issn = {1053-5888},
    pmid = {19158952},
    keywords = {Antenna arrays, Compressed sensing, Covariance matrices, Image reconstruction, Sensors}
}

@article{Hochwald1994ConcentratedExpressions,
    title = {{Concentrated Cram{\'{e}}r-Rao Bound Expressions}},
    year = {1994},
    journal = {IEEE Transactions on Information Theory},
    author = {Hochwald, Bertrand and Nehorai, Arye},
    doi = {10.1109/18.312159},
    issn = {15579654},
    keywords = {Cram{\'{e}}r-Rao bound, exponential family, nuisance parameters}
}

@article{Pyragas1992ContinuousFeedback,
    title = {{Continuous control of chaos by self-controlling feedback}},
    year = {1992},
    journal = {Physics Letters A},
    author = {Pyragas, K.},
    isbn = {0375-9601},
    doi = {10.1016/0375-9601(92)90745-8},
    issn = {03759601}
}

@article{Madanayake2015Continuous-timeArrays,
    title = {{Continuous-time 2-D IIR+time-delay linear aperture arrays}},
    year = {2015},
    journal = {IEEE Radio and Wireless Symposium, RWS},
    author = {Madanayake, Arjuna and Wijenayake, Chamith and Belestotski, Leonid},
    number = {June},
    pages = {38--40},
    volume = {2015-June},
    isbn = {978-1-4799-5507-7},
    doi = {10.1109/RWS.2015.7129736},
    issn = {21642974},
    keywords = {Beamforming, IIR, phased arrays}
}

@article{Bruton2012Continuous-timeFilters,
    title = {{Continuous-time analog two-dimensional IIR beam filters}},
    year = {2012},
    journal = {IEEE Transactions on Circuits and Systems II: Express Briefs},
    author = {Bruton, Leonard T. and Madanayake, Arjuna and Wijenayake, Chamith and Maini, Mona},
    number = {7},
    pages = {419--423},
    volume = {59},
    doi = {10.1109/TCSII.2012.2200170},
    issn = {15497747},
    keywords = {2-D infinite impulse response (IIR) filters, Analog beamforming circuits, RC active filters, multidimensional signal processing, sensors}
}

@article{Lewis1998ControlDelays,
    title = {{Control for Networked Systems With Random Communication Delays}},
    year = {1998},
    journal = {IEEE TRANSACTIONS ON AUTOMATIC CONTROL IEEE Trans. Autom. Control IEEE Trans. Autom. Control Autom. Control},
    author = {Lewis, L and Tim, W K and Wang, L Z and Li, Z X and Yang, Fuwen and Wang, Zidong and Hung, Y S and Gani, Mahbub},
    number = {1},
    pages = {451--466},
    volume = {514},
    publisher = {Wiley Wiley Wiley},
    doi = {10.1109/TAC.2005.864207}
}

@article{Yanchuk2006ControlFeedback,
    title = {{Control of unstable steady states by long delay feedback}},
    year = {2006},
    journal = {Physical Review E - Statistical, Nonlinear, and Soft Matter Physics},
    author = {Yanchuk, Serhiy and Wolfrum, Matthias and H{\"{o}}vel, Philipp and Sch{\"{o}}ll, Eckehard},
    doi = {10.1103/PhysRevE.74.026201},
    issn = {15393755},
    pmid = {17025519}
}

@article{Yu2007CooperativeDesign,
    title = {{Cooperative Coevolutionary Genetic Algorithm for Digital IIR Filter Design}},
    year = {2007},
    journal = {IEEE TRANSACTIONS ON INDUSTRIAL ELECTRONICS},
    author = {Yu, Yang and Xinjie, Yu},
    number = {3},
    volume = {54},
    doi = {10.1109/TIE.2007.893063}
}

@inproceedings{Dogandzic2000Cramer-RaoArray,
    title = {{Cram{\'{e}}r-Rao bounds for estimating range, velocity, and direction with a sensor array}},
    year = {2000},
    booktitle = {Proceedings of the IEEE Sensor Array and Multichannel Signal Processing Workshop},
    author = {Dogand{\v{z}}i{\'{c}}, A. and Nehorai, A.},
    isbn = {0780363396},
    doi = {10.1109/SAM.2000.878032},
    issn = {2151870X},
    keywords = {Antenna arrays, Baseband, Delay effects, Delay estimation, Doppler radar, Doppler shift, Radar antennas, Sensor arrays, Sonar, Volume measurement}
}

@article{MCDogan1994Cumulant-BasedBeamforming,
    title = {{Cumulant-Based Blind Optimum Beamforming}},
    year = {1994},
    journal = {IEEE Transactions on Aerospace and Electronic Systems},
    author = {MC Dogan, JM Mendel},
    number = {3},
    pages = {722--741},
    volume = {30},
    doi = {10.1109/7.303742}
}

@article{Chen2014Cumulants-basedEstimation,
    title = {{Cumulants-based toeplitz matrices reconstruction method for 2-D coherent DOA estimation}},
    year = {2014},
    journal = {IEEE Sensors Journal},
    author = {Chen, Hua and Hou, Chun Ping and Wang, Qing and Huang, Ling and Yan, Wei Qing},
    number = {8},
    pages = {2824--2832},
    volume = {14},
    isbn = {2011003212008},
    doi = {10.1109/JSEN.2014.2316798},
    issn = {1530437X},
    keywords = {2-D DOA estimation, Fourth-order cumulants, Toeplitz matrices reconstruction, automatically paired, coherent signals}
}

@article{Williamson1988DelayStructures,
    title = {{Delay Replacement in Direct Form Structures}},
    year = {1988},
    journal = {IEEE TRANSACTIONS ON ACOUSTICS, SPEECH, AND SIGNAL PROCESSING},
    author = {Williamson, Darrell},
    number = {4},
    volume = {36}
}

@article{Kauraniemi1998DeltaFilters,
    title = {{Delta operator realizations of direct-form IIR filters}},
    year = {1998},
    journal = {IEEE Transactions on Circuits and Systems II: Analog and Digital Signal Processing},
    author = {Kauraniemi, Juha and Laakso, Timo I. and Hartimo, Iiro and Ovaska, Seppo J.},
    doi = {10.1109/82.659455},
    issn = {10577130},
    keywords = {Delta operator, Direct-form structures, Roundoff noise}
}

@techreport{Beamformer2016DesignConstant,
    title = {{Design and Analysis of a Constant}},
    year = {2016},
    author = {Beamformer, Beamwidth}
}

@techreport{RosenDesignBeamformer,
    title = {{Design and Analysis of a Constant Beamwidth Beamformer}},
    author = {Rosen, Oren}
}

@article{StoyanovDesignMinimizations,
    title = {{Design and Realization of Efficient IIR Digital Filter Structures Based on Sensitivity Minimizations}},
    author = {Stoyanov, G and Nikolova, Zl and Ivanova, K and Anzova, V},
    keywords = {Allpass filters, Multiplierless filters, Sensitivity, Variable filters, – IIR Digital filters}
}

@article{VaidyanathanDESIGNFILTER,
    title = {{DESIGN OF DOUBLY-COMPLEMENTARY IIR DIGITAL FILTERS, USING A SINGLE COMPLEX ALLPASS FILTER}},
    author = {Vaidyanathan, P P and Regalia, P and Mitra2, S K}
}

@inproceedings{Fernandez-Vazquez2008DesignStructure,
    title = {{Design of IIR filters using new three allpass filters structure}},
    year = {2008},
    booktitle = {European Signal Processing Conference},
    author = {Fernandez-Vazquez, Alfonso and Jovanovic-Dolecek, Gordana and Xie, Xue Mei},
    issn = {22195491}
}

@inproceedings{Nishihara1986DesignFilters,
    title = {{Design of limit-cycle-free digital biquad filters}},
    year = {1986},
    booktitle = {Acoustics, Speech, and Signal Processing, IEEE International Conference on ICASSP'86.},
    author = {Nishihara, AKINORI},
    pages = {517--520},
    publisher = {IEEE}
}

@article{Zhao2014DesignArrays,
    title = {{Design of Robust Differential Microphone Arrays}},
    year = {2014},
    author = {Zhao, Liheng and Benesty, Jacob and Chen, Jingdong and Member, Senior},
    number = {10},
    pages = {1455--1466},
    volume = {22},
    isbn = {978-3-319-14841-0},
    doi = {10.1007/978-3-319-14842-7}
}

@article{Stable2000DesignStable,
    title = {{Design of stable}},
    year = {2000},
    journal = {Science And Technology},
    author = {Stable, Design O F and Filters, I I R Digital and Iterative, Using and Programming, Semidefinite},
    pages = {395--398},
    isbn = {0780354826}
}

@article{Crocco2014DesignBeamforming,
    title = {{Design of superdirective planar arrays with sparse aperiodic layouts for processing broadband signals via 3-D beamforming}},
    year = {2014},
    journal = {IEEE Transactions on Audio, Speech and Language Processing},
    author = {Crocco, Marco and Trucco, Andrea},
    number = {4},
    pages = {800--815},
    volume = {22},
    doi = {10.1109/TASLP.2014.2304635},
    issn = {15587916},
    keywords = {3-D beamforming, Acoustic imaging, Aperiodic arrays, Filter-and-sum beamforming, Microphone arrays, Planar arrays, Robust superdirective beamforming, Sparse arrays}
}

@article{Yli-KaakinenDESIGNFILTERS,
    title = {{DESIGN OF VERY LOW-SENSITIVITY AND LOW-NOISE RECURSIVE DIGITAL FILTERS USING A CASCADE OF LOW-ORDER WAVE LATTICE FILTERS}},
    author = {Yli-Kaakinen, Juha and Saramaki, Tapio}
}

@article{Yli-Kaakinen1999DesignFilters,
    title = {{Design of Very Low-Sensitivity and Low-Noise Recursive Filters Using a Cascade of Low- Order Lattice Wave Digital Filters}},
    year = {1999},
    journal = {IEEE TRANSACTIONS ON CIRCUITS AND SYSTEMS—II: ANALOG AND DIGITAL SIGNAL PROCESSING},
    author = {Yli-Kaakinen, Juha and Saram{\"{a}}ki, Tapio},
    number = {7},
    volume = {46},
    keywords = {Index Terms— All-pass filters, VLSI implementations, finite precision, lattice wave digital filters, multiplierless design, parallel connections of all-pass filters, recursive filters}
}

@article{Liu1989DesignTransformation,
    title = {{Design of {\{}3-D{\}} planar and beam recursive digital filters using spectral transformation}},
    year = {1989},
    journal = {IEEE Transactions Circuits and Systems},
    author = {Liu, Q and Bruton, L T},
    number = {3},
    pages = {365--374},
    volume = {36},
    keywords = {digital filters frequency response 3-D discrete be}
}

@book{VanTrees2004DetectionI,
    title = {{Detection, Estimation, and Modulation Theory - Part I}},
    year = {2004},
    author = {Van Trees, Harry L},
    publisher = {John Wiley {\textbackslash}{\&} Sons}
}

@article{DetectionIII,
    title = {{Detection, Estimation, and Modulation Theory - Part III}}
}

@book{VanTrees2002DetectionIV,
    title = {{Detection, Estimation, and Modulation Theory - Part IV}},
    year = {2002},
    author = {Van Trees, Harry L.},
    isbn = {0471093904},
    doi = {10.1002/0471221104},
    pmid = {12696144},
    arxivId = {arXiv:1011.1669v3}
}

@techreport{VanTreesDETECTIONNoise,
    title = {{DETECTION, ESTIMATION, AND MODULATION THEORY Part III Radar-Sonar Signal Processing and Gaussian Signals in Noise}},
    author = {Van Trees, Harry L}
}

@article{Abramovich2003Detection-estimationNonidentifiability,
    title = {{Detection-estimation of more uncorrelated Gaussian sources than sensors in nonuniform linear antenna arrays - Part III: Detection-estimation nonidentifiability}},
    year = {2003},
    journal = {IEEE Transactions on Signal Processing},
    author = {Abramovich, Yuri I. and Spencer, Nicholas K. and Gorokhov, Alexei Y.},
    number = {10},
    pages = {2483--2494},
    volume = {51},
    isbn = {1053587X (ISSN)},
    doi = {10.1109/TSP.2003.816859},
    issn = {1053587X},
    keywords = {Antenna arrays, Array signal processing, Linear arrays, Nonuniformly spaced arrays, Signal detection}
}

@article{Abramovich2003Detection-estimationNonidentifiabilityb,
    title = {{Detection-estimation of more uncorrelated Gaussian sources than sensors in nonuniform linear antenna arrays - Part III: Detection-estimation nonidentifiability}},
    year = {2003},
    journal = {IEEE Transactions on Signal Processing},
    author = {Abramovich, Yuri I. and Spencer, Nicholas K. and Gorokhov, Alexei Y.},
    number = {10},
    pages = {2483--2494},
    volume = {51},
    isbn = {1053587X (ISSN)},
    doi = {10.1109/TSP.2003.816859},
    issn = {1053587X},
    keywords = {Antenna arrays, Array signal processing, Linear arrays, Nonuniformly spaced arrays, Signal detection}
}

@article{Abramovich2003Detection-estimationNonidentifiabilityc,
    title = {{Detection-estimation of more uncorrelated Gaussian sources than sensors in nonuniform linear antenna arrays - Part III: Detection-estimation nonidentifiability}},
    year = {2003},
    journal = {IEEE Transactions on Signal Processing},
    author = {Abramovich, Yuri I. and Spencer, Nicholas K. and Gorokhov, Alexei Y.},
    number = {10},
    pages = {2483--2494},
    volume = {51},
    isbn = {1053587X (ISSN)},
    doi = {10.1109/TSP.2003.816859},
    issn = {1053587X},
    keywords = {Antenna arrays, Array signal processing, Linear arrays, Nonuniformly spaced arrays, Signal detection}
}

@article{Kondapalli2012DigitalFilters,
    title = {{Digital architectures for UWB beamforming using 2D IIR spatio-temporal frequency-planar filters}},
    year = {2012},
    journal = {International Journal of Antennas and Propagation},
    author = {Kondapalli, Soumya and Madanayake, Arjuna and Bruton, Len},
    volume = {2012},
    doi = {10.1155/2012/234263},
    issn = {16875869}
}

@book{MiddletonRichardHandGoodwin1990DigitalSeries,
    title = {{Digital Control and Estimation: A Unified Approach (Prentice Hall Information and System Sciences Series)}},
    year = {1990},
    author = {Middleton, Richard H and Goodwin, Graham C},
    publisher = {Prentice Hall Englewood Cliffs, NJ}
}

@book{Oppenheim1975DigitalProcessing,
    title = {{Digital signal processing}},
    year = {1975},
    author = {Oppenheim, Alan V. and Schafer, Ronald W.},
    pages = {585},
    publisher = {Prentice-Hall},
    isbn = {0132146355}
}

@article{Reuven2009DirectSignals,
    title = {{Direct position determination of cyclostationary signals}},
    year = {2009},
    journal = {Signal Processing},
    author = {Reuven, Alit Mendelson and Weiss, Anthony J.},
    number = {12},
    pages = {2448--2464},
    volume = {89},
    isbn = {0-7803-8484-9},
    doi = {10.1016/j.sigpro.2009.04.009},
    issn = {01651684},
    keywords = {Angle of arrival (AOA), Array processing, Cyclostationarity, Emitter localization, Time of arrival (TOA)}
}

@article{Porat1991DirectionStatistics,
    title = {{Direction finding algorithms based on high-order statistics}},
    year = {1991},
    journal = {IEEE Transactions on Signal Processing},
    author = {Porat, Boaz and Friedlander, Benjamin},
    number = {9},
    pages = {2016--2024},
    volume = {39},
    doi = {10.1109/78.134434},
    issn = {1053587X}
}

@article{Madanayake2012DirectionalFilters,
    title = {{Directional spectrum sensing using tunable multi-D space-time discrete filters}},
    year = {2012},
    journal = {2012 IEEE International Symposium on a World of Wireless, Mobile and Multimedia Networks, WoWMoM 2012 - Digital Proceedings},
    author = {Madanayake, A. and Wijenayake, C. and Tran, N. and Cooklev, T. and Hum, S. V. and Bruton, L. T.},
    number = {C},
    pages = {4--9},
    isbn = {9781467312394},
    doi = {10.1109/WoWMoM.2012.6263754},
    keywords = {Beamforming, IIR filters, cognitive radio, spectrum sensing}
}

@article{Carlin2013Directions-of-arrivalStrategies,
    title = {{Directions-of-arrival estimation through bayesian compressive sensing strategies}},
    year = {2013},
    journal = {IEEE Transactions on Antennas and Propagation},
    author = {Carlin, Matteo and Rocca, Paolo and Oliveri, Giacomo and Viani, Federico and Massa, Andrea},
    number = {7},
    pages = {3828--3838},
    volume = {61},
    isbn = {0018-926X},
    doi = {10.1109/TAP.2013.2256093},
    issn = {0018926X},
    keywords = {Bayesian compressive sensing (BCS), direction-of-arrival estimation (DoA), linear array, sparse representation}
}

@article{Joshi2011Discrete-spaceFilters,
    title = {{Discrete-space continuous-time analog circuits for spatially-bandpass 2D IIR beam filters}},
    year = {2011},
    journal = {2011 7th International Workshop on Multidimensional (nD) Systems, nDS 2011},
    author = {Joshi, Rimesh M. and Madanayake, Arjuna and Bruton, Len T. and Maini, Mona},
    isbn = {9781612848167},
    doi = {10.1109/nDS.2011.6076833}
}

@article{Cao2013DOAErrors,
    title = {{DOA estimation based on fourth-order cumulants in the presence of sensor gain-phase errors}},
    year = {2013},
    journal = {Signal Processing},
    author = {Cao, Shenghong and Ye, Zhongfu and Hu, Nan and Xu, Xu},
    number = {9},
    pages = {2581--2585},
    volume = {93},
    doi = {10.1016/j.sigpro.2013.03.007},
    issn = {01651684},
    keywords = {Array signal processing, Direction-of-arrival estimation, Fourth-order cumulants, Gain-phase errors}
}

@article{Wu2014DOAAlgorithm,
    title = {{DOA Estimation Based on MN-MUSIC Algorithm}},
    year = {2014},
    journal = {Journal of Information and Computational Science},
    author = {Wu, Xiaochuan},
    number = {8},
    pages = {2611--2620},
    volume = {11},
    url = {http://www.joics.com/publishedpapers/2014_11_8_2611_2620.pdf},
    doi = {10.12733/jics20103604},
    issn = {15487741},
    keywords = {compressed sensing, cs, direction of arrival, doa, joint sparse recovery problem}
}

@article{Yuen1997DOACumulants,
    title = {{DOA estimation in multipath: An approach using fourth-order cumulants}},
    year = {1997},
    journal = {IEEE Transactions on Signal Processing},
    author = {Yuen, Norman and Friedlander, Benjamin},
    number = {5},
    pages = {1253--1263},
    volume = {45},
    doi = {10.1109/78.575698},
    issn = {1053587X}
}

@article{Hu2017DoaCumulants,
    title = {{Doa estimation of coherent signals on coprime arrays exploiting fourth-order cumulants}},
    year = {2017},
    journal = {Sensors (Switzerland)},
    author = {Hu, Yang and Liu, Yimin and Wang, Xiqin},
    number = {4},
    volume = {17},
    doi = {10.3390/s17040682},
    issn = {14248220},
    arxivId = {1612.06537},
    keywords = {Coherent, Coprime array, Fourth-order cumulants, Spatial smoothing}
}

@article{Ma2010DOAApproach,
    title = {{DOA estimation of quasi-stationary signals with less sensors than sources and unknown spatial noise covariance: A Khatri-Rao subspace approach}},
    year = {2010},
    journal = {IEEE Transactions on Signal Processing},
    author = {Ma, Wing Kin and Hsieh, Tsung Han and Chi, Chong Yung},
    number = {4},
    pages = {2168--2180},
    volume = {58},
    isbn = {1053-587X},
    doi = {10.1109/TSP.2009.2034935},
    issn = {1053587X},
    keywords = {Khatri-Rao subspace, Kruskal-rank, Quasi-stationary signals (QSS), Second-order statistics, Underdetermined direction-of-arrival (DOA) estimat, Unknown noise covariance}
}

@article{Khmou2014DOAPropagator,
    title = {{DOA Estimation with Fourth Order Propagator}},
    year = {2014},
    author = {Khmou, Youssef and Safi, Said},
    number = {3},
    isbn = {9781479938247},
    keywords = {-propagator, angular spectrum, aoa, array, circular array, doa, fourth, goniometry, narrowband, subspace}
}

@techreport{RezaEDITEDEDITION,
    title = {{EDITED BY POSITION LOCATION THEORY, PRACTICE, AND ADVANCES SECOND EDITION}},
    author = {Reza, S A ( and Zekavat, ) and Michael Buehrer, | R}
}

@article{BookerELECTRICALTexts,
    title = {{ELECTRICAL SCIENCE A Series of Monographs and Texts}},
    author = {Booker, Henry G and Declaris, Nicholas}
}

@article{Madanayake2014ElectronicallyFilters,
    title = {{Electronically scanned RF-to-bits beam aperture arrays using 2-D IIR spatially bandpass digital filters}},
    year = {2014},
    journal = {Multidimensional Systems and Signal Processing},
    author = {Madanayake, Arjuna and Wijenayake, Chamith and Joshi, Rimesh and Almalkawi, Mohammad and Belostotski, Leonid and Bruton, Len and Devabhaktuni, Vijay},
    number = {2},
    pages = {313--335},
    volume = {25},
    isbn = {0923-6082},
    doi = {10.1007/s11045-013-0250-7},
    issn = {09236082},
    keywords = {2-D IIR, Beamforming, Broadband antenna, Systolic arrays}
}

@article{Madanayake2014ElectronicallyFiltersb,
    title = {{Electronically scanned RF-to-bits beam aperture arrays using 2-D IIR spatially bandpass digital filters}},
    year = {2014},
    journal = {Multidimensional Systems and Signal Processing},
    author = {Madanayake, Arjuna and Wijenayake, Chamith and Joshi, Rimesh and Almalkawi, Mohammad and Belostotski, Leonid and Bruton, Len and Devabhaktuni, Vijay},
    isbn = {0923-6082},
    doi = {10.1007/s11045-013-0250-7},
    issn = {09236082},
    keywords = {2-D IIR, Beamforming, Broadband antenna, Systolic arrays}
}

@article{Candes2008EnhancingMinimization,
    title = {{Enhancing sparsity by reweightedℓ{\textbackslash}n                    1 minimization}},
    year = {2008},
    journal = {Journal of Fourier Analysis and Applications},
    author = {Cand{\`{e}}s, Emmanuel J. and Wakin, Michael B. and Boyd, Stephen P.},
    number = {5-6},
    pages = {877--905},
    volume = {14},
    isbn = {1069-5869},
    doi = {10.1007/s00041-008-9045-x},
    issn = {10695869},
    arxivId = {0711.1612},
    keywords = {Compressive sensing, Dantzig selector, FOCUSS, Iterative reweighting, Sparsity, Underdetermined systems of linear equations, ℓ{\textbackslash}n                        1-Minimization}
}

@article{Roy1989ESPRIT-EstimationTechniques,
    title = {{ESPRIT-Estimation of Signal Parameters Via Rotational Invariance Techniques}},
    year = {1989},
    journal = {IEEE Transactions on Acoustics, Speech, and Signal Processing},
    author = {Roy, Richard and Kailath, Thomas},
    number = {7},
    pages = {984--995},
    volume = {37},
    isbn = {0-8186-0729-7},
    doi = {10.1109/29.32276},
    issn = {00963518}
}

@article{Pan2011EvolutionaryDesign,
    title = {{Evolutionary computation on programmable robust IIR filter pole-placement design}},
    year = {2011},
    journal = {IEEE Transactions on Instrumentation and Measurement},
    author = {Pan, Shing Tai},
    doi = {10.1109/TIM.2010.2086850},
    issn = {00189456},
    keywords = {Evolutionary computation, field-programmable gate array (FPGA) chip, pole-placement design, robustly stable infinite-impulse-response (IIR) filter}
}

@article{Tu2014ExponentialSynthesis,
    title = {{Exponential and generalized Dolph-Chebyshev functions for flat-top array beampattern synthesis}},
    year = {2014},
    journal = {Multidimensional Systems and Signal Processing},
    author = {Tu, L. and Ng, B. P.},
    doi = {10.1007/s11045-012-0217-0},
    issn = {0923-6082}
}

@article{Liu2008ExtendedSignals,
    title = {{Extended 2q-MUSIC algorithm for noncircular signals}},
    year = {2008},
    journal = {Signal Processing},
    author = {Liu, Jian and Huang, Zhitao and Zhou, Yiyu},
    doi = {10.1016/j.sigpro.2007.11.012},
    issn = {01651684},
    keywords = {Aperture extension, Array signal processing, Cumulants, Direction finding, MUSIC}
}

@article{Stergiopoulos1989ExtendedCorrelator,
    title = {{Extended towed array processing by an overlap correlator}},
    year = {1989},
    journal = {The Journal of the Acoustical Society of America},
    author = {Stergiopoulos, Stergios},
    number = {1},
    pages = {158},
    volume = {86},
    doi = {10.1121/1.398335},
    issn = {00014966}
}

@article{Shan2003ExtendingSensors,
    title = {{Extending MUSIC-like algorithm for DOA estimation with more sources than sensors}},
    year = {2003},
    journal = {Proceedings of 2003 International Conference on Neural Networks and Signal Processing, ICNNSP'03},
    author = {Shan, Zhilong and Ji, Fei and Wei, Gang},
    number = {5},
    pages = {1281--1284},
    volume = {2},
    isbn = {0780377028},
    doi = {10.1109/ICNNSP.2003.1281105}
}

@article{Wen2013ExtendingStructure,
    title = {{Extending the concept of IIR filtering to array processing using approximate spatial IIR structure}},
    year = {2013},
    journal = {Multidimensional Systems and Signal Processing},
    author = {Wen, Fuxi and Ng, Boon Poh and Reddy, Vinod Veera},
    number = {1},
    pages = {157--179},
    volume = {24},
    doi = {10.1007/s11045-011-0163-2},
    issn = {09236082},
    keywords = {Array signal processing, Direction-of-arrival (DOA) estimation, Infinite impulse response (IIR) array}
}

@article{Concept2016ExtensionThe,
    title = {{Extension of Co-Prime Arrays Based on the}},
    year = {2016},
    author = {Concept, Fourth-order Difference Co-array and Shen, Qing and Liu, Wei and Member, Senior and Cui, Wei and Wu, Siliang},
    number = {5},
    pages = {615--619},
    volume = {23}
}

@article{2016EXTENSIONUni,
    title = {{EXTENSION OF NESTED ARRAYS WITH THE FOURTH-ORDER DIFFERENCE CO-ARRAY ENHANCEMENT School of Information and Electronics , Beijing Institute of Technology Department of Electronic and Electrical Engineering , University of Sheffield Sheffield , S1 3JD , Uni}},
    year = {2016},
    journal = {Icassp 2016},
    number = {3},
    pages = {2991--2995},
    isbn = {9781479999880}
}

@article{Lim2005ExtractingCircuits,
    title = {{Extracting secret keys from integrated circuits}},
    year = {2005},
    journal = {IEEE Transactions on Very Large Scale Integration (VLSI) Systems},
    author = {Lim, Daihyun and Lee, J. W. and Gassend, B. and Suh, G. E. and Van Dijk, M. and Devadas, S.},
    number = {10},
    pages = {1200--1205},
    volume = {13},
    isbn = {1063-8210},
    doi = {10.1109/TVLSI.2005.859470},
    issn = {10638210},
    keywords = {Aphilipp, Arbiter-based physical unclonable functions, Cryptographic protocols, Integrated circuit identification, Inter-chip variation, Secret key extraction, Tamper resistance}
}

@article{KaltofenFactoringAlgorithm,
    title = {{Factoring High-Degree Polynomials by the Black Box Berlekamp Algorithm*}},
    author = {Kaltofen, Erich and Lobo, Austin}
}

@article{Roth2009FieldsExperts,
    title = {{Fields of experts}},
    year = {2009},
    journal = {International Journal of Computer Vision},
    author = {Roth, Stefan and Black, Michael J.},
    number = {2},
    pages = {205--229},
    volume = {82},
    isbn = {1126300801976},
    doi = {10.1007/s11263-008-0197-6},
    issn = {09205691},
    keywords = {Image modeling, Image restoration, Learning, Low-level vision, Markov random fields}
}

@article{Nagpal1991FilteringSetting,
    title = {{Filtering and Smoothing in an H∞ Setting}},
    year = {1991},
    journal = {IEEE Transactions on Automatic Control},
    author = {Nagpal, Krishan M. and Khargonekar, Pramod P.},
    isbn = {0018-9286},
    doi = {10.1109/9.67291},
    issn = {15582523}
}

@article{Yang2011FilteringDropouts,
    title = {{Filtering for discrete-time networked nonlinear systems with mixed random delays and packet dropouts}},
    year = {2011},
    journal = {IEEE Transactions on Automatic Control},
    author = {Yang, Rongni and Shi, Peng and Liu, Guo Ping},
    isbn = {0018-9286},
    doi = {10.1109/TAC.2011.2166729},
    issn = {00189286},
    keywords = {Discrete-time nonlinear systems, H∞filter, mixed random delays, networked control systems (NCSs), packet dropout}
}

@article{Rosen2017FIR-basedBeamwidth,
    title = {{FIR-based symmetrical acoustic beamformer with a constant beamwidth}},
    year = {2017},
    journal = {Signal Processing},
    author = {Rosen, Oren and Cohen, Israel and Malah, David},
    month = {1},
    pages = {365--376},
    volume = {130},
    publisher = {Elsevier B.V.},
    doi = {10.1016/j.sigpro.2016.07.019},
    issn = {01651684},
    keywords = {Constant beamwidth beamformers, FIR-based beamformers, Microphone arrays, Robust beamformers}
}

@techreport{ZhengFisherBound,
    title = {{Fisher Information and Cram{\'{e}}r-Rao Bound}},
    author = {Zheng, Songfeng}
}

@article{Liu2016Fourth-orderCoupling,
    title = {{Fourth-order cumulants-based sparse representation approach for DOA estimation in MIMO radar with unknown mutual coupling}},
    year = {2016},
    journal = {Signal Processing},
    author = {Liu, Jing and Zhou, Weidong and Wang, Xianpeng},
    pages = {123--130},
    volume = {128},
    publisher = {Elsevier},
    url = {http://dx.doi.org/10.1016/j.sigpro.2016.03.019},
    doi = {10.1016/j.sigpro.2016.03.019},
    issn = {01651684},
    keywords = {Direction of arrival estimation, Fourth-order cumulants, Multiple-input multiple-output radar, Mutual coupling, Sparse representation}
}

@inproceedings{Madanayake2006FPGAFilters,
    title = {{FPGA prototyping of spatio-temporal 2D IIR broadband beam plane-wave filters}},
    year = {2006},
    booktitle = {IEEE Asia-Pacific Conference on Circuits and Systems, Proceedings, APCCAS},
    author = {Madanayake, H. L.P.Arjuna and Bruton, Len T.},
    isbn = {1424403871},
    doi = {10.1109/APCCAS.2006.342528},
    keywords = {2D IIR, Beam, Broadband, FPGA, Filter, Frequency-planar, Plane wave, Xilinx}
}

@techreport{ARIELAZEIRAANDARYENEHORAIFrequencyProcesses,
    title = {{Frequency Domain Cramer-Rao  Bound for Gaussian Processes}},
    author = {{ARIELA  ZEIRA AND ARYE  NEHORAI}}
}

@article{Lutkenhoner1992Frequency-domainSources,
    title = {{Frequency-domain localization of intracerebral dipolar sources}},
    year = {1992},
    journal = {Electroencephalography and Clinical Neurophysiology},
    author = {L{\"{u}}tkenh{\"{o}}ner, Bernd},
    doi = {10.1016/0013-4694(92)90153-9},
    issn = {00134694},
    pmid = {1370779},
    keywords = {Dipole localization, Electroencephalography, Fourier transform, Magnetoencephalography}
}

@article{Xu2017GeneralizationComplement,
    title = {{Generalization of the Sherman–Morrison–Woodbury formula involving the Schur complement}},
    year = {2017},
    journal = {Applied Mathematics and Computation},
    author = {Xu, Xuefeng},
    doi = {10.1016/j.amc.2017.03.039},
    issn = {00963003},
    arxivId = {arXiv:1607.01579v1},
    keywords = {Moore–Penrose inverse, Schur complement, Sherman–Morrison–Woodbury formula}
}

@article{Saitoh2014GeneralizedMatrices,
    title = {{Generalized Inversions of Hadamard and Tensor Products for Matrices}},
    year = {2014},
    author = {Saitoh, Saburou},
    pages = {87--95},
    volume = {4},
    url = {http://www.scirp.org/journal/alamt http://dx.doi.org/10.4236/alamt.2014.42006 http://creativecommons.org/licenses/by/4.0/},
    doi = {10.4236/alamt.2014.42006},
    keywords = {0/0 = 0, 100/0 = 0, Generalized Fraction, Generalized Fractional Function, Generalized Inverse, Hadamard Product, Matrix Equation, Positive Definite Hermitian Matrix, Reproducing Kernel, Tensor Product, Tikhonov Regularization}
}

@article{Habets2007GeneratingFields.,
    title = {{Generating sensor signals in isotropic noise fields.}},
    year = {2007},
    journal = {The Journal of the Acoustical Society of America},
    author = {Habets, Emanuël a P and Gannot, Sharon},
    number = {6},
    pages = {3464--3470},
    volume = {122},
    doi = {10.1121/1.2799929},
    issn = {00014966},
    pmid = {18247755}
}

@article{SilbersteinGPUfs:GPUs,
    title = {{GPUfs: Integrating a File System with GPUs}},
    author = {Silberstein, Mark and Ford, Bryan and Keidar, Idit and Witchel, Emmett},
    keywords = {D47 [Operating Systems]: Organization and Design; I31 [Hardware Architecture]: Graph-ics processors Keywords Operating Systems Design, File Systems, GPGPUs, accelerators}
}

@article{KimGPUnet:Programs,
    title = {{GPUnet: Networking Abstractions for GPU Programs}},
    author = {Kim, Sangman and Huh, Seonggu and Hu, Yige and Zhang, Xinya and Witchel, Emmett and Wated, Amir and Silberstein, Mark},
    keywords = {()}
}

@article{DaoudGPUrdma:Descriptors,
    title = {{GPUrdma: GPU-side library for high performance networking from GPU kernels Categories and Subject Descriptors}},
    author = {Daoud, Feras and Watad, Amir and Silberstein, Mark},
    url = {http://dx.doi.org/10.1145/2931088.2931091},
    doi = {10.1145/2931088.2931091},
    keywords = {7 [Operating Systems]: Organization and Design; I31 [Hardware Architecture]: Graphics processors Keywords Operating Systems Design, GPGPUs, Networking, accelerators}
}

@article{Gao2009HApproach,
    title = {{H 1 filter design for discrete delay systems: a new parameter-dependent approach}},
    year = {2009},
    journal = {International Journal of Control},
    author = {Gao, Huijun and Meng, Xiangyu and Chen, Tongwen},
    number = {6},
    pages = {993--1005},
    volume = {82},
    doi = {10.1080/00207170802277501},
    keywords = {H 1 filtering, discrete-time systems, linear matrix inequality (LMI), robust filtering, time-delay systems}
}

@article{UesakaHeuristicProgramming,
    title = {{Heuristic synthesis of low coefficient sensitivity second-order digital filters using genetic programming}},
    author = {Uesaka, K and Kawamata, M}
}

@inproceedings{Stoyanov2009HighFilters,
    title = {{High accuracy design and realization of fixed and variable allpass-based fractional delay digital filters}},
    year = {2009},
    booktitle = {9th International Conference on Telecommunications in Modern Satellite, Cable, and Broadcasting Services, TELSIKS 2009 - Proceedings of Paper},
    author = {Stoyanov, Georgi K. and Nikolova, Kamelia S. and Markova, Valentina I.},
    isbn = {9781424443833},
    doi = {10.1109/TELSKS.2009.5339430},
    keywords = {Allpass filters, Digital filters, Fractional delay filters, High accuracy, Low sensitivity}
}

@article{Challa1995High-orderSources,
    title = {{High-order subspace-based algorithms for passive localization of near-field sources}},
    year = {1995},
    journal = {Conference Record of The Twenty-Ninth Asilomar Conference on Signals, Systems and Computers},
    author = {Challa, R.N. and Shamsunder, S.},
    number = {i},
    pages = {777--781},
    volume = {2},
    url = {http://ieeexplore.ieee.org/lpdocs/epic03/wrapper.htm?arnumber=540806},
    isbn = {1-55937-533-7},
    doi = {10.1109/ACSSC.1995.540806},
    issn = {1058-6393},
    keywords = {Azimuth, Direction of arrival estimation, Frequency estimation, Gaussian noise, Gaussian noise insensitivity, Least squares methods, Matrix decomposition, Sensor arrays, Signal resolution, State estimation, TLS-ESPRIT like algorithm, Yield estimation, cumulant domain signal subspaces, direction of arrival estimation, direction-of-arrival estimation, eigendecomposition, fourth-order cumulant, high order subspace based algorithms, invariance method, multiple rotational invariance, multiple sources, near-field location parameters, near-field sources, passive bearing estimation, passive localization, passive range estimation, plane wave assumption, resolution, search free estimates, total least squares method, uniform linear sensor array}
}

@article{Method2013High-resolution2,
    title = {{High-resolution and low-cost direction-of-arrival estimation by 2}},
    year = {2013},
    author = {Method, B Y É},
    pages = {24--29},
    isbn = {9781467362382}
}

@article{Chevalier2006High-resolutionAlgorithm,
    title = {{High-resolution direction finding from higher order statistics: The 2q-MUSIC algorithm}},
    year = {2006},
    journal = {IEEE Transactions on Signal Processing},
    author = {Chevalier, Pascal and Ferr{\'{e}}ol, Anne and Albera, Laurent},
    number = {8},
    pages = {2986--2997},
    volume = {54},
    doi = {10.1109/TSP.2006.877661},
    issn = {1053587X},
    keywords = {2q-MUSIC, Direction finding, Higher order, MUSIC, Modeling errors, Resolution, Underdetermined mixtures, Virtual array}
}

@article{Chevalier2007HigherAlgorithms,
    title = {{Higher order direction finding from arrays with diversely polarized antennas: The PD-2q-MUSIC algorithms}},
    year = {2007},
    journal = {IEEE Transactions on Signal Processing},
    author = {Chevalier, Pascal and Ferr{\'{e}}ol, Anne and Albera, Laurent and Birot, Gwénaël},
    isbn = {1053-587X},
    doi = {10.1109/TSP.2007.899367},
    issn = {1053587X},
    keywords = {2q-MUSIC, Direction finding (DF), Direction of arrival (DOA), Higher order, Identifiability, Polarization diversity, Underdetermined mixtures, Virtual array (VA)}
}

@article{L.Bruton1983HighlyPlanes,
    title = {{Highly selective three-dimensional recursive beam filters using intersecting resonant planes}},
    year = {1983},
    journal = {IEEE Transactions on Circuits and Systems},
    author = {{L. Bruton} and {N. Bartley}},
    number = {3},
    pages = {190 - 193},
    volume = {30},
    doi = {10.1109/TCS.1983.1085340}
}

@book{IEEEComputerSociety2009IEEEManual,
    title = {{IEEE Standard VHDL Language Reference Manual}},
    year = {2009},
    booktitle = {IEEE Std 1076-2008 (Revision of IEEE Std 1076-2002)},
    author = {{IEEE Computer Society}},
    number = {January},
    pages = {1--626},
    volume = {2008},
    isbn = {9780738158006},
    doi = {10.1109/IEEESTD.2009.4772740},
    keywords = {VHDL, computer languages, electronic systems, hardware, hardware design}
}

@article{Tsai1993IEEEFilters,
    title = {{IEEE TRANSACTIONS ON SIGNAL PROCESSING, Low Roundoff Noise Augmented Realizations of IIR Filters}},
    year = {1993},
    author = {Tsai, Chimin and Fam, Adly T},
    number = {4},
    volume = {41}
}

@misc{Kotz2003IEEEPDF,
    title = {{IEEE Xplore Full-Text PDF}},
    year = {2003},
    booktitle = {Geoscience and Remote Sensing Symposium, 2003. IGARSS '03. Proceedings. 2003 IEEE International},
    author = {K{\"{o}}tz, Benjamin and Schaepman, Michael and Morsdorf, Felix and Bowyer, Paul and Itten, Klaus and Allg{\"{o}}wer, Britta},
    pages = {2869 - 2871},
    volume = {4},
    isbn = {0780364953},
    doi = {10.1109/NOMS.2002.1015622}
}

@misc{ImportingMinute,
    title = {{Importing Documents into your Library (Mendeley Minute)}},
    url = {https://www.youtube.com/watch?t=13&v=qRiAIaqdAOg},
    keywords = {Mendeley, Minute, documents, guide, importing, references, tutorial, user}
}

@inproceedings{Stoyanov2013ImprovedTransformers,
    title = {{Improved accuracy and low-sensitivity design of digital allpass based hilbert transformers}},
    year = {2013},
    booktitle = {2013 11th International Conference on Telecommunications in Modern Satellite, Cable and Broadcasting Services, TELSIKS 2013},
    author = {Stoyanov, Georgi K. and Nikolova, Kamelia S.},
    isbn = {9781479909025},
    doi = {10.1109/TELSKS.2013.6704892},
    keywords = {Allpass filters, Digital filters, Hilbert transformers, Sensitivity minimizations}
}

@article{WoiigIMPROVEDOPERATOR,
    title = {{IMPROVED ROUNDOFF NOISE PERFORMANCE IN A DIRECT-FORM IIR FILTER USING A MODIFIED DELTA OPERATOR}},
    author = {Woiig, Ngai and Ng, Tung-Sang}
}

@article{Han2013ImprovedNg,
    title = {{Improved Source Number Detection and Direction Estimation With Nested Arrays and ULAs Using Jackkni fi ng}},
    year = {2013},
    author = {Han, Keyong and Member, Student and Nehorai, Arye},
    number = {23},
    pages = {6118--6128},
    volume = {61},
    doi = {10.1109/TSP.2013.2283462},
    issn = {1053-587X}
}

@article{Comon1994IndependentConcept,
    title = {{Independent component analysis, A new concept?}},
    year = {1994},
    journal = {Signal Processing},
    author = {Comon, Pierre},
    isbn = {0165-1684},
    doi = {10.1016/0165-1684(94)90029-9},
    issn = {01651684},
    pmid = {19419239},
    arxivId = {astro-ph/0410340}
}

@article{Malioutov2013IterativeThresholding,
    title = {{Iterative Log Thresholding}},
    year = {2013},
    author = {Malioutov, Dmitry and Aravkin, Aleksandr},
    number = {1},
    pages = {7248--7252},
    url = {http://arxiv.org/abs/1312.1522},
    isbn = {9781479928934},
    arxivId = {1312.1522}
}

@inproceedings{Lu2003JointlyFilters,
    title = {{Jointly optimized error-feedback and realization for roundoff noise minimization in state-space digital filters}},
    year = {2003},
    booktitle = {International Symposium on Image and Signal Processing and Analysis, ISPA},
    author = {Lu, Wu Sheng and Hinamoto, T.},
    isbn = {953184061X},
    doi = {10.1109/ISPA.2003.1296868},
    issn = {18492266},
    keywords = {Constraint optimization, Degradation, Digital filters, Electronic mail, Fixed-point arithmetic, IIR filters, Matrix converters, Noise reduction, Optimization methods, State feedback}
}

@article{Alglave2015KentAssumptions,
    title = {{Kent Academic Repository Full text document (pdf) Enquiries Citation for published version Link to record in KAR Document Version UNSPECIFIED GPU concurrency Weak behaviours and programming assumptions}},
    year = {2015},
    author = {Alglave, Jade and Batty, Mark and Donaldson, Alastair F and Gopalakrishnan, Ganesh and Ketema, Jeroen and Poetzl, Daniel and Sorensen, Tyler and Wickerson, John},
    pages = {14--18},
    url = {http://kar.kent.ac.uk/50272/},
    keywords = {B30 [Memory struc-tures]: General Keywords memory consistency, GPU, Nvidia PTX, OpenCL, formal model, litmus testing, test generation}
}

@article{Jackson1979LettersFilters,
    title = {{Letters to the editor: Limit cycles in state-space structures for digital filters}},
    year = {1979},
    journal = {IEEE Transactions on Circuits and Systems},
    author = {Jackson, Leland B.},
    doi = {10.1109/TCS.1979.1084547},
    issn = {00984094}
}

@article{JaworskiLinearSections,
    title = {{Linear Phase I I R Filters Composed of Two Parallel Allpass Sections}},
    author = {Jaworski, Bartlomiej and Saramaki, Tapio}
}

@article{Valin2016LocalizationApproach,
    title = {{Localization of Simultaneous Moving Sound Sources for Mobile Robot Using a Frequency-Domain Steered Beamformer Approach}},
    year = {2016},
    author = {Valin, Jean-Marc and Michaud, François and Hadjou, Brahim and Rouat, Jean},
    isbn = {0-7803-8232-3},
    doi = {10.1109/ROBOT.2004.1307286},
    issn = {1050-4729},
    pmid = {20700380},
    arxivId = {1602.08629}
}

@article{Diniz1985Low-SensitivityShaping,
    title = {{Low-Sen,sitivity Digital-Filter Structures which are Amenable to Error-Spectrum Shaping}},
    year = {1985},
    author = {Diniz, Paul0 S R and Antoniou, Andreas},
    number = {10}
}

@article{Regalia1987Low-SensitivityFilter,
    title = {{Low-Sensitivity Active Filter Realiiation Using a Complex All-Pass Filter}},
    year = {1987},
    journal = {IEEE TRANSACTIONS ON CIRCUITS AND SYSTEMS},
    author = {Regalia, Phillip A and Mitra, Sanjit K:},
    number = {4}
}

@article{I.P.Topalov1990LOW-SENSITIVITYCYCLES,
    title = {{LOW-SENSITIVITY UNIVERSAL FIRST-ORDER DIGITAL FILTER SECTIONS WITHOUT LIMIT CYCLES}},
    year = {1990},
    journal = {Electronics Letters},
    author = {{I.P. Topalov} and {G.K. Stoyanov}},
    number = {1},
    pages = {25 - 26},
    volume = {26},
    url = {http://ieeexplore.ieee.org/document/44854/},
    doi = {10.1049/el:19900017}
}

@article{Wang2018MinimumDecomposition,
    title = {{Minimum sensitivity based robust beamforming with eigenspace decomposition}},
    year = {2018},
    journal = {Multidimensional Systems and Signal Processing},
    author = {Wang, Jun and Zhang, Wei and Liu, Wei},
    isbn = {0005117909},
    doi = {10.1007/s11045-016-0424-1},
    issn = {15730824},
    keywords = {Eigenspace, Minimum sensitivity, Robust beamformer}
}

@techreport{Moffet1968Minimum-RedundancyArrays,
    title = {{Minimum-Redundancy Linear Arrays}},
    year = {1968},
    booktitle = {IEEE TRANSACTIONS ON ANTENNAS AND PROPAGATION},
    author = {Moffet, Alan T},
    number = {2},
    volume = {16}
}

@article{Wang2012MixedReconstruction,
    title = {{Mixed sources localization based on sparse signal reconstruction}},
    year = {2012},
    journal = {IEEE Signal Processing Letters},
    author = {Wang, Bo and Liu, Juanjuan and Sun, Xiaoying},
    number = {8},
    pages = {487--490},
    volume = {19},
    doi = {10.1109/LSP.2012.2204248},
    issn = {10709908},
    keywords = {Far-field, near-field, source localization, sparse signal reconstruction, weighted ??? {\\\}                        1-norm minim}
}

@article{Wang2012MixedReconstructionb,
    title = {{Mixed sources localization based on sparse signal reconstruction}},
    year = {2012},
    journal = {IEEE Signal Processing Letters},
    author = {Wang, Bo and Liu, Juanjuan and Sun, Xiaoying},
    number = {8},
    pages = {487--490},
    volume = {19},
    doi = {10.1109/LSP.2012.2204248},
    issn = {10709908},
    keywords = {Far-field, near-field, source localization, sparse signal reconstruction, weighted ??? {\\\}                        1-norm minim}
}

@article{MoulinesMuch,
    title = {{Much more doa information in higher-order statistics ?}},
    author = {Moulines, Eric and Paris, Tilicom and Ura, Cnrs and Tdsi, G R},
    pages = {199--202}
}

@techreport{2016MULTI-DIMENSIONALEXTRACTION,
    title = {{MULTI-DIMENSIONAL DIGITAL SIGNAL PROCESSING IN RADAR SIGNATURE EXTRACTION}},
    year = {2016}
}

@article{Kwon2014MultipathPursuit,
    title = {{Multipath Matching Pursuit}},
    year = {2014},
    author = {Kwon, Suhyuk Seokbeop and Member, Student and Wang, Jian and Member, Student},
    number = {5},
    pages = {2986--3001},
    volume = {60}
}

@techreport{Ralph1986MultipleParameter,
    title = {{Multiple Emitter Location and Signal Parameter}},
    year = {1986},
    booktitle = {IEEE TRANSACTIONS ON ANTENNAS AND PROPAGATION},
    author = {Ralph, --Estimation},
    number = {3}
}

@article{Ahmed2014MultipleEstimation,
    title = {{Multiple Invariance Cumulant ESPRIT for DOA Estimation}},
    year = {2014},
    author = {Ahmed, Ammar and Khan, Muhammad Faisal and Tufail, Muhammad},
    pages = {157--159},
    isbn = {9781479951321},
    keywords = {as to preserve, cumulant matrix, direction of arrival estimation, finite data, genetic algorithm, in the case of, modified cumulant matrix so, multiple invariance, the multiple invariance property, we use a slightly}
}

@article{Pal2012MultipleProcessing,
    title = {{Multiple level nested array: An efficient geometry for 2qth order cumulant based array processing}},
    year = {2012},
    journal = {IEEE Transactions on Signal Processing},
    author = {Pal, Piya and Vaidyanathan, P. P.},
    number = {3},
    pages = {1253--1269},
    volume = {60},
    doi = {10.1109/TSP.2011.2178410},
    issn = {1053587X},
    keywords = {2qth-order cumulant, DOA estimation, higher level nested array, sparse array, spatial smoothing, virtual array}
}

@article{Pal2012MultipleProcessingb,
    title = {{Multiple level nested array: An efficient geometry for 2qth order cumulant based array processing}},
    year = {2012},
    journal = {IEEE Transactions on Signal Processing},
    author = {Pal, Piya and Vaidyanathan, P. P.},
    doi = {10.1109/TSP.2011.2178410},
    issn = {1053587X},
    keywords = {2qth-order cumulant, DOA estimation, higher level nested array, sparse array, spatial smoothing, virtual array}
}

@article{BhattachanjaMULTIPLIERLESSSTRUCTURES,
    title = {{MULTIPLIERLESS IMPLEMENTATION OF RECURSIVE DIGITAL FILTERS BASED ON COEFFICIENT TRANSLATION METHODS IN LOW SENSITIVITY STRUCTURES}},
    author = {Bhattachanja, M and Astola, J}
}

@article{Dumitrescu2004MultistageRealness,
    title = {{Multistage IIR Filter Design Using Convex Stability Domains Defined by Positive Realness}},
    year = {2004},
    journal = {IEEE Transactions on Signal Processing},
    author = {Dumitrescu, Bogdan and Niemist{\"{o}}, Riitta},
    isbn = {1053-587x},
    doi = {10.1109/TSP.2004.823497},
    issn = {1053587X},
    keywords = {Convex stability domain, IIR filter, Least-squares criterion, Multistage design, Positive realness, Semidefinite programming}
}

@article{Multiuserz-lib.org,
    title = {{Multiuser Detection by Verdu S. (z-lib.org)}}
}

@article{Malik1998Multivariable1996.,
    title = {{Multivariable feedback control analysis and design, S. Skogestad and I. Postlethwaite, Wiley, Chichester, U.K., ISBN 0-471-94277-4, xi+559 pp., 1996.}},
    year = {1998},
    journal = {International Journal of Robust and Nonlinear Control},
    author = {Malik, S. Atique},
    isbn = {9780470011676},
    doi = {10.1002/(SICI)1099-1239(19981215)8:14<1237::AID-RNC377>3.0.CO;2-7},
    issn = {1049-8923},
    pmid = {513306}
}

@article{Workshop2014MUSIC-BASED,
    title = {{MUSIC-BASED DOA ESTIMATION BY OBLIQUE PROJECTION ALONG THE SIGNAL SUBSPACE Akira Tanaka and Hideyuki Imai Division of Computer Science , Graduate School of Information Science and Technology , Hokkaido University ,}},
    year = {2014},
    author = {Workshop, Ieee and Processing, Statistical Signal},
    pages = {300--303},
    isbn = {9781479949755}
}

@article{Pal2012NestedProcessing,
    title = {{Nested Arrays in Two Dimensions , Part II : Application in Two Dimensional Array Processing}},
    year = {2012},
    author = {Pal, Piya and Member, Student and Vaidyanathan, P P},
    number = {9},
    pages = {4706--4718},
    volume = {60}
}

@article{Pal2012NestedConsiderations,
    title = {{Nested arrays in two dimensions, Part I: Geometrical considerations}},
    year = {2012},
    journal = {IEEE Transactions on Signal Processing},
    author = {Pal, Piya and Vaidyanathan, P. P.},
    number = {9},
    pages = {4694--4705},
    volume = {60},
    isbn = {1053-587X},
    doi = {10.1109/TSP.2012.2203814},
    issn = {1053587X},
    keywords = {Co-array, Khatri Rao product, Smith form, lattice, nested arrays, reciprocal lattice, sparse arrays, two-dimensional arrays}
}

@article{Pal2010NestedFreedom,
    title = {{Nested arrays: A novel approach to array processing with enhanced degrees of freedom}},
    year = {2010},
    journal = {IEEE Transactions on Signal Processing},
    author = {Pal, Piya and Vaidyanathan, P. P.},
    number = {8},
    pages = {4167--4181},
    volume = {58},
    isbn = {1053-587X},
    doi = {10.1109/TSP.2010.2049264},
    issn = {1053587X},
    keywords = {Beamforming, Khatri Rao product, co-array, direction-of-arrival (DOA) estimation, minimum redundancy array, nested arrays, spatial smoothing}
}

@article{Pal2010NestedFreedomb,
    title = {{Nested arrays: A novel approach to array processing with enhanced degrees of freedom}},
    year = {2010},
    journal = {IEEE Transactions on Signal Processing},
    author = {Pal, Piya and Vaidyanathan, P. P.},
    isbn = {1053-587X},
    doi = {10.1109/TSP.2010.2049264},
    issn = {1053587X},
    keywords = {Beamforming, Khatri Rao product, co-array, direction-of-arrival (DOA) estimation, minimum redundancy array, nested arrays, spatial smoothing}
}

@article{Pal2010NestedFreedomc,
    title = {{Nested arrays: A novel approach to array processing with enhanced degrees of freedom}},
    year = {2010},
    journal = {IEEE Transactions on Signal Processing},
    author = {Pal, Piya and Vaidyanathan, P. P.},
    isbn = {1053-587X},
    doi = {10.1109/TSP.2010.2049264},
    issn = {1053587X},
    keywords = {Beamforming, Khatri Rao product, co-array, direction-of-arrival (DOA) estimation, minimum redundancy array, nested arrays, spatial smoothing}
}

@article{Pal2010NestedFreedomd,
    title = {{Nested arrays: A novel approach to array processing with enhanced degrees of freedom}},
    year = {2010},
    journal = {IEEE Transactions on Signal Processing},
    author = {Pal, Piya and Vaidyanathan, P. P.},
    number = {8},
    month = {8},
    pages = {4167--4181},
    volume = {58},
    doi = {10.1109/TSP.2010.2049264},
    issn = {1053587X},
    keywords = {Beamforming, Khatri Rao product, co-array, direction-of-arrival (DOA) estimation, minimum redundancy array, nested arrays, spatial smoothing}
}

@article{Wu2014NestedEstimation,
    title = {{Nested sampling for higher-order statistics with application to LTE channel estimation}},
    year = {2014},
    journal = {2014 IEEE Global Communications Conference, GLOBECOM 2014},
    author = {Wu, Qiong and Liang, Qiiian},
    pages = {3555--3560},
    isbn = {9781479935116},
    doi = {10.1109/GLOCOM.2014.7037359}
}

@article{Liu2007NetworkedChannels,
    title = {{Networked predictive control of systems with random network delays in both forward and feedback channels}},
    year = {2007},
    journal = {IEEE Transactions on Industrial Electronics},
    author = {Liu, Guo Ping and Xia, Yuanqing and Chen, Jie and Rees, David and Hu, Wenshan},
    isbn = {0278-0046 VO  - 54},
    doi = {10.1109/TIE.2007.893073},
    issn = {02780046},
    keywords = {Networked control systems (NCS), Predictive control, Rndom network delay, Stability}
}

@article{StoyanovNEWSECTIONS,
    title = {{NEW FIRST-AND SECOND-ORDER VERY LOW SENSITIVITY BANDPASS/BANDSTOP COMPLEX DIGITAL FILTER SECTIONS}},
    author = {Stoyanov, Georgi and Kawamata, Masayuki and Valkova, Zlatka}
}

@article{Agarwal1975NewNoise,
    title = {{New Recursive Digital Filter Structures Having Very Low Sensi{\&}vity and Roundoff Noise}},
    year = {1975},
    journal = {IEEE TRANSACTIONS ON CIRCUITS AND SYSTEMS},
    author = {Agarwal, Ramesh C},
    number = {12}
}

@article{Higgins1982NoiseFormulation,
    title = {{Noise Reduction Strategies for Digital Filters: Error Spectrum Shaping Versus the Optimal Linear State-Space Formulation}},
    year = {1982},
    journal = {IEEE Transactions on Acoustics, Speech, and Signal Processing},
    author = {Higgins, William E. and Munson, David C.},
    doi = {10.1109/TASSP.1982.1163989},
    issn = {00963518}
}

@article{Rudin1992NonlinearAlgorithms,
    title = {{Nonlinear total variation based noise removal algorithms}},
    year = {1992},
    journal = {Physica D: Nonlinear Phenomena},
    author = {Rudin, Leonid I. and Osher, Stanley and Fatemi, Emad},
    number = {1-4},
    pages = {259--268},
    volume = {60},
    isbn = {0167-2789},
    doi = {10.1016/0167-2789(92)90242-F},
    issn = {01672789},
    pmid = {12777632}
}

@article{Pei1994OfFilters,
    title = {{of 1-D and 2-D IIR Digital All-Pass Filters}},
    year = {1994},
    author = {Pei, Soo-chang},
    number = {4},
    pages = {1993--1995},
    volume = {42}
}

@techreport{Chevalier1999OnProblem,
    title = {{On  the  Virtual  Array  Concept  for  the Fourth-Order  Direction  Finding  Problem}},
    year = {1999},
    booktitle = {IEEE Trans. Acoust., Speech, Signal Processing},
    author = {Chevalier, Pascal and F{\'{e}}rr{\'{e}}ol, Anne},
    number = {9},
    pages = {832--861},
    volume = {47},
    keywords = {Index Terms-Angular and polarization diversity, fourth-order direc-tion finding, virtual array, virtual cross-correlation}
}

@article{Leonov1959OnSemi-Invariants,
    title = {{On a Method of Calculation of Semi-Invariants}},
    year = {1959},
    journal = {Theory of Probability {\&} Its Applications},
    author = {Leonov, V. P. and Shiryaev, A. N.},
    number = {3},
    pages = {319--329},
    volume = {4},
    url = {http://epubs.siam.org/doi/abs/10.1137/1104031},
    doi = {10.1137/1104031},
    issn = {0040-585X}
}

@article{Chang1981OnStructures,
    title = {{On Low-Roundoff Noise and Low-Sensitivity Digital Filter Structures}},
    year = {1981},
    journal = {IEEE Transactions on Acoustics, Speech, and Signal Processing},
    author = {Chang, Tien Lin},
    doi = {10.1109/TASSP.1981.1163661},
    issn = {00963518}
}

@article{DeSena2012OnMicrophones,
    title = {{On the design and implementation of higher order differential microphones}},
    year = {2012},
    journal = {IEEE Transactions on Audio, Speech and Language Processing},
    author = {De Sena, Enzo and Hacihabiboǧlu, Hüseyin and Cvetkovi{\'{c}}, Zoran},
    doi = {10.1109/TASL.2011.2159204},
    issn = {15587916},
    keywords = {Beamforming, differential microphone, directivity pattern, microphone}
}

@article{KennethS.Miller1981OnMatrices,
    title = {{On the Inverse of the Sum of Matrices}},
    year = {1981},
    journal = {Mathematics Magazine},
    author = {{Kenneth S. Miller}},
    number = {2},
    pages = {67--72},
    volume = {54},
    url = {http://www.jstor.org/stable/2690437},
    doi = {10.2307/2690437}
}

@article{Chen2013OnSystem,
    title = {{On the time-domain widely linear LCMV filter for noise reduction with a stereo system}},
    year = {2013},
    journal = {IEEE Transactions on Audio, Speech and Language Processing},
    author = {Chen, Jingdong and Benesty, Jacob},
    number = {7},
    pages = {1343--1354},
    volume = {21},
    isbn = {1558-7916},
    doi = {10.1109/TASL.2013.2248719},
    issn = {15587916},
    keywords = {Binaural noise reduction, linearly constrained minimum variance (LCMV) filte, noncircularity, speech enhancement, stereo sound system, time domain, widely linear (WL) estimation}
}

@article{Chevalier2005OnProcessing,
    title = {{On the virtual array concept for higher order array processing}},
    year = {2005},
    journal = {IEEE Transactions on Signal Processing},
    author = {Chevalier, Pascal and Albera, Laurent and Ferr??ol, Anne and Comon, Pierre},
    number = {4},
    pages = {1254--1271},
    volume = {53},
    doi = {10.1109/TSP.2005.843703},
    issn = {1053587X},
    keywords = {2q-MUSIC, And polarization diversities, Angular, Blind source identification, HO direction finding, Higher order, Identifiability, Space, Virtual array}
}

@article{Chevalier2005OnProcessingb,
    title = {{On the virtual array concept for higher order array processing}},
    year = {2005},
    journal = {IEEE Transactions on Signal Processing},
    author = {Chevalier, Pascal and Albera, Laurent and Ferr{\'{e}}ol, Anne and Comon, Pierre},
    doi = {10.1109/TSP.2005.843703},
    issn = {1053587X},
    keywords = {2q-MUSIC, And polarization diversities, Angular, Blind source identification, HO direction finding, Higher order, Identifiability, Space, Virtual array}
}

@article{Chevalier1999OnProblemb,
    title = {{On the virtual array concept for the fourth-order direction finding problem}},
    year = {1999},
    journal = {IEEE Transactions on Signal Processing},
    author = {Chevalier, Pascal and Ferreol, Anne},
    number = {9},
    pages = {2592--2595},
    volume = {47},
    doi = {10.1109/78.782217},
    issn = {1053587X}
}

@inproceedings{Lu2003OptimalProgramming,
    title = {{Optimal design of IIR digital filters with robust stability using conic quadratic programming}},
    year = {2003},
    booktitle = {International Symposium on Image and Signal Processing and Analysis, ISPA},
    author = {Lu, Wu Sheng and Hinamoto, T.},
    isbn = {953184061X},
    doi = {10.1109/ISPA.2003.1296867},
    issn = {18492266},
    keywords = {Digital filters, Electronic mail, Functional programming, Linear programming, Minimax techniques, Quadratic programming, Robust stability, Signal processing, Stability analysis, Transfer functions}
}

@article{Geromel1999OptimalUncertainty,
    title = {{Optimal Linear Filtering Under Parameter Uncertainty}},
    year = {1999},
    journal = {IEEE TRANSACTIONS ON SIGNAL PROCESSING},
    author = {Geromel, José C},
    number = {1},
    volume = {47}
}

@article{Cumulant-based2016OptimumProcessing,
    title = {{Optimum Linear Array Geometry with Minimum Array Processing}},
    year = {2016},
    author = {Cumulant-based, Redundancy Õ Order and Model, A Signal},
    number = {CoSeRa},
    pages = {207--211},
    volume = {1}
}

@misc{NONE2013ParallelGeodesics,
    title = {{Parallel transport and geodesics}},
    year = {2013},
    author = {{NONE}},
    number = {22},
    pages = {1--7}
}

@article{GeversParametrizationsAspects,
    title = {{Parametrizations in Control, Estimation and Filtering Problems: Accuracy Aspects}},
    author = {Gevers, Michel and Li, Gang and Tokyo, Paris and Kong, Hong and Budapest, Barcelona}
}

@article{Ward2002ParticleEnvironment,
    title = {{Particle filter beamforming for acoustic source localization in a reverberant environment}},
    year = {2002},
    journal = {2002 IEEE International Conference on Acoustics, Speech, and Signal Processing},
    author = {Ward, Darren B. and Williamson, Robert C.},
    number = {2},
    pages = {II-1777-II-1780},
    volume = {2},
    isbn = {0-7803-7402-9},
    doi = {10.1109/ICASSP.2002.5744967},
    issn = {1520-6149},
    pmid = {1006108}
}

@article{Ward2003ParticleEnvironment,
    title = {{Particle Filtering Algorithms for Tracking an Acoustic Source in a Reverberant Environment}},
    year = {2003},
    journal = {IEEE Transactions on Speech and Audio Processing},
    author = {Ward, Darren B. and Lehmann, Eric a. and Williamson, Robert C.},
    number = {6},
    pages = {826--836},
    volume = {11},
    isbn = {1063-6676},
    doi = {10.1109/TSA.2003.818112},
    issn = {10636676},
    keywords = {Acoustic signal processing, Generalized cross-correlation, Localization, Particle filters, Time-delay estimation}
}

@article{Stoica1990PerformanceEstimation,
    title = {{Performance Study of Conditional and Unconditional Direction-of-Arrival Estimation}},
    year = {1990},
    journal = {IEEE Transactions on Acoustics, Speech, and Signal Processing},
    author = {Stoica, Petre and Nehorai, Arye},
    isbn = {0096-3518},
    doi = {10.1109/29.60109},
    issn = {00963518}
}

@article{Pan2014PerformanceAngle,
    title = {{Performance Study of the MVDR Beamformer as a Function of the Source Incidence Angle}},
    year = {2014},
    journal = {IEEE/ACM Transactions on Audio, Speech and Language Processing},
    author = {Pan, Chao and Chen, Jingdong and Benesty, Jacob},
    number = {1},
    pages = {67--79},
    volume = {22},
    url = {http://dl.acm.org/citation.cfm?id=2583710}
}

@book{Skolnik2008RADARHandbook,
    title = {{RADAR Handbook}},
    year = {2008},
    author = {Skolnik, Merrill},
    publisher = {New York, Chicago, San Francisco, Lisbon, London, Madrid, Mexico City, Milan, New Delhi, San Juan, Seoul, Singapore, Sydney, Toronto},
    isbn = {9780071485470}
}

@article{Rowe1988RadioCase,
    title = {{Radio Imaging of Moving Targets: The One-Dimensional Case}},
    year = {1988},
    journal = {IEEE Transactions on Information Theory},
    author = {Rowe, Harrison E.},
    number = {6},
    pages = {1528--1537},
    volume = {34},
    doi = {10.1109/18.21292},
    issn = {15579654}
}

@article{Lockwood1998Real-timeBeamforming.,
    title = {{Real-time 3-D ultrasound imaging using sparse synthetic aperture beamforming.}},
    shorttitle = {Ultrasonics, Ferroelectrics, and Frequency Control},
    year = {1998},
    journal = {IEEE transactions on ultrasonics, ferroelectrics, and frequency control},
    author = {Lockwood, G R and Talman, J R and Brunke, S S},
    number = {4},
    month = {1},
    pages = {980--8},
    volume = {45},
    url = {http://www.ncbi.nlm.nih.gov/pubmed/18244252},
    doi = {10.1109/58.710573},
    issn = {0885-3010},
    pmid = {18244252},
    keywords = {Apertures, Array signal processing, Gratings, Phased arrays, Propagation losses, Ultrasonic imaging, acoustic signal processing, array signal processing, grating lobe, linear phased array, mechanical scanning, radiation pattern, real-time three-dimensional ultrasound imaging, sparse synthetic aperture beamforming, ultrasonic arrays, ultrasonic imaging, volumetric imaging}
}

@article{Madanayake2015RecentOverview,
    title = {{Recent advances in multidimensional systems and signal processing: An overview}},
    year = {2015},
    journal = {Proceedings - IEEE International Symposium on Circuits and Systems},
    author = {Madanayake, Arjuna and Wijenayake, Chamith and Lin, Zhiping and Dornback, Nathan},
    pages = {2365--2368},
    volume = {2015-July},
    isbn = {9781479983919},
    doi = {10.1109/ISCAS.2015.7169159},
    issn = {02714310},
    keywords = {Multidimensional Signal Processing,Multidimensiona}
}

@inproceedings{Madanayake2015RecentOverviewb,
    title = {{Recent advances in multidimensional systems and signal processing: An overview}},
    year = {2015},
    booktitle = {Proceedings - IEEE International Symposium on Circuits and Systems},
    author = {Madanayake, Arjuna and Wijenayake, Chamith and Lin, Zhiping and Dornback, Nathan},
    isbn = {9781479983919},
    doi = {10.1109/ISCAS.2015.7169159},
    issn = {02714310}
}

@article{Beex1989ReducedOrder,
    title = {{Reduced Sensitivities of Direct Form Digital (Sub) Filter Structures by Increasing System Order}},
    year = {1989},
    journal = {IEEE TRANSACTIONS ON CIRCUITS AND SYSTEMS},
    author = {Beex, A A and Debrunner, Victor E},
    number = {3},
    volume = {36}
}

@article{Liu2015RemarksMUSIC,
    title = {{Remarks on the spatial smoothing step in coarray MUSIC}},
    year = {2015},
    journal = {IEEE Signal Processing Letters},
    author = {Liu, Chun Lin and Vaidyanathan, P. P.},
    number = {9},
    pages = {1438--1442},
    volume = {22},
    isbn = {1070-9908 VO  - 22},
    doi = {10.1109/LSP.2015.2409153},
    issn = {10709908},
    keywords = {Coprime arrays, nested arrays, sparse arrays, spatial smoothing}
}

@techreport{SwindlehurstRobustErrors,
    title = {{Robust Algorithms for Direction-Finding in the Presence of Model Errors}},
    author = {Swindlehurst, A Lee}
}

@article{Yang2017RobustReconstruction,
    title = {{Robust beamforming with imprecise array geometry using steering vector estimation and interference covariance matrix reconstruction}},
    year = {2017},
    journal = {Multidimensional Systems and Signal Processing},
    author = {Yang, Jie and Liao, Guisheng and Li, Jun and Lei, Yu and Wang, Xun},
    isbn = {1104501503},
    doi = {10.1007/s11045-015-0350-7},
    issn = {15730824},
    keywords = {Covariance matrix reconstruction, Lagrange multiplier methodology, Robust adaptive beamforming, Steering vector estimation, Worst-case performance optimization}
}

@article{Theodor1996RobustFiltering,
    title = {{Robust discrete-time minimum-variance filtering}},
    year = {1996},
    journal = {IEEE Transactions on Signal Processing},
    author = {Theodor, Yahali and Shaked, Uri},
    doi = {10.1109/78.485915},
    issn = {1053587X}
}

@article{Sternad1993RobustErrors,
    title = {{Robust Filtering and Feedforward Control Based on Probabilistic Descriptions of Model Errors*}},
    year = {1993},
    author = {Sternad, Mikael and Ahli{\~{}}nt, Anders},
    number = {3},
    pages = {661--679},
    volume = {29},
    keywords = {--Robustness, Wiener filtering, deconvolution, feedforward control, model matching, optimal estimation, prediction, smoothing, state estimation}
}

@article{YangRobustMechanism,
    title = {{Robust H ∞ Filtering for Continuous Time-Varying Uncertain Systems with Adaptive Mechanism}},
    author = {Yang, Guang-Hong and Ye, Dan},
    keywords = {H ∞ filtering, Robust filtering, indirect adap-tive method, linear matrix inequalities (LMIs), time-varying uncertainty}
}

@article{Dong2010RobustDropouts,
    title = {{Robust H∞ filtering for a class of nonlinear networked systems with multiple stochastic communication delays and packet dropouts}},
    year = {2010},
    journal = {IEEE Transactions on Signal Processing},
    author = {Dong, Hongli and Wang, Zidong and Gao, Huijun},
    isbn = {1053-587X},
    doi = {10.1109/TSP.2009.2038965},
    issn = {1053587X},
    keywords = {Networked systems, Nonlinear systems, Packet dropout, Robust H∞filtering, Stochastic systems, Stochastic time-varying communication delays}
}

@inproceedings{Yang2008RobustMechanism,
    title = {{Robust H∞ filtering for continuous time-varying uncertain systems with adaptive mechanism}},
    year = {2008},
    booktitle = {Proceedings of the American Control Conference},
    author = {Yang, Guang Hong and Ye, Dan},
    isbn = {9781424420797},
    doi = {10.1109/ACC.2008.4586959},
    issn = {07431619},
    keywords = {H∞ filtering, Indirect adaptive method, Linear matrix inequalities (LMIs), Robust filtering, Time-varying uncertainty}
}

@article{Valin2007RobustFiltering,
    title = {{Robust localization and tracking of simultaneous moving sound sources using beamforming and particle filtering}},
    year = {2007},
    journal = {Robotics and Autonomous Systems},
    author = {Valin, Jean-Marc and Michaud, François and Rouat, Jean},
    number = {3},
    pages = {216--228},
    volume = {55},
    url = {http://linkinghub.elsevier.com/retrieve/pii/S0921889006001576},
    doi = {10.1016/j.robot.2006.08.004},
    issn = {09218890},
    keywords = {microphone array, particle filtering, robot audition, sound source localization}
}

@article{Shaked1995RobustFiltering,
    title = {{Robust Minimum Variance Filtering}},
    year = {1995},
    journal = {IEEE Transactions on Signal Processing},
    author = {Shaked, Uri and de Souza, Carlos E.},
    doi = {10.1109/78.482099},
    issn = {19410476}
}

@article{PetersentRobustSystemst,
    title = {{Robust State Estimation for Uncertain Systemst}},
    author = {Petersent, Ian R and Mcfarlane, Duncan C}
}

@article{Zhao2006RoundoffStructures,
    title = {{Roundoff noise analysis of two efficient digital filter structures}},
    year = {2006},
    journal = {IEEE Transactions on Signal Processing},
    author = {Zhao, Zixue and Li, Gang},
    isbn = {0780388747},
    doi = {10.1109/TSP.2005.861895},
    issn = {1053587X},
    keywords = {Direct-form II transposed (DFIIt) structure, Error feedback, Polynomial parametrization, Roundoff noise, State-space realization}
}

@article{KauranietniROUNDOFFSTRUCTURE,
    title = {{ROUNDOFF NOISE MINIMIZATION IN A DIRECT FORM DELTA OPERATOR STRUCTURE}},
    author = {Kauranietni ', Juha and Luakso2, Titno I and Hartitno ', Iiro and Ovaska3, Seppo J}
}

@article{Li1993RoundoffRealizations,
    title = {{Roundoff Noise Minimization Using Delta-Operator Realizations}},
    year = {1993},
    journal = {IEEE Transactions on Signal Processing},
    author = {Li, Gang and Gevers, Michel},
    doi = {10.1109/78.193204},
    issn = {19410476}
}

@article{HinamotoRoundoffRealization,
    title = {{Roundoff Noise Reduction in State-Space Digital Filters Using High-Order Error Feedback and Realization}},
    author = {Hinamoto, Takao and Doi, Akimitsu and Lu, Wu-Sheng}
}

@article{Jackson1970Roundoff-NoiseForm,
    title = {{Roundoff-Noise Analysis for Fixed-Point Digital Filtei Realized in Cascad or Parallel Form}},
    year = {1970},
    journal = {IEEE Transactions on Audio and Electroacoustics},
    author = {Jackson, Leland B.},
    isbn = {0018-9278},
    doi = {10.1109/TAU.1970.1162084},
    issn = {00189278}
}

@article{Dai2010SeekerDesign,
    title = {{Seeker Optimization Algorithm for Digital IIR Filter Design}},
    year = {2010},
    journal = {IEEE TRANSACTIONS ON INDUSTRIAL ELECTRONICS},
    author = {Dai, Chaohua and Chen, Weirong and Zhu, Yunfang},
    number = {5},
    volume = {57},
    doi = {10.1109/TIE.2009.2031194}
}

@article{Birot2010SequentialStatistics,
    title = {{Sequential high-resolution direction finding from higher order statistics}},
    year = {2010},
    journal = {IEEE Transactions on Signal Processing},
    author = {Birot, Gwénaël and Albera, Laurent and Chevalier, Pascal},
    number = {8},
    pages = {4144--4155},
    volume = {58},
    isbn = {1053-587X},
    doi = {10.1109/TSP.2010.2049569},
    issn = {1053587X},
    keywords = {High-resolution direction finding, higher-order statistics, sequential 2q-MUSIC-like techniques, virtual arrays}
}

@article{Decom-1993SignalSpectra,
    title = {{Signal processing with higher-order spectra}},
    year = {1993},
    journal = {IEEE Signal Processing Magazine},
    author = {Decom-, Singular Value},
    number = {July}
}

@article{Li2016SimplifiedArray,
    title = {{Simplified High-order DOA and Range Estimation with Linear Antenna Array}},
    year = {2016},
    journal = {IEEE Communications Letters},
    author = {Li, Jianzhong and Wang, Yide and Le Bastard, Cedric and Wei, Gang and Ma, Biyun and SUN, Meng and Yu, Zhiwen},
    number = {1},
    pages = {1--1},
    volume = {7798},
    url = {http://ieeexplore.ieee.org/document/7579547/},
    doi = {10.1109/LCOMM.2016.2613867},
    issn = {1089-7798}
}

@techreport{RRabiner1974SomeFilters,
    title = {{Some Comparisons Between FIR and MR Digital Filters}},
    year = {1974},
    author = {R Rabiner, By L and Kaiser, J F and Herrmann, O and Dolan, M T},
    number = {2},
    volume = {63}
}

@techreport{RRabiner1974SomeFiltersb,
    title = {{Some Comparisons Between FIR and MR Digital Filters}},
    year = {1974},
    author = {R Rabiner, By L and Kaiser, J F and Herrmann, O and Dolan, M T},
    number = {2},
    volume = {63}
}

@article{Chen2002SourceBeamforming,
    title = {{Source localization and beamforming}},
    year = {2002},
    journal = {IEEE Signal Processing Magazine},
    author = {Chen, Joe C. and Yao, Kung and Hudson, Ralph E.},
    number = {2},
    pages = {30--39},
    volume = {19},
    publisher = {Institute of Electrical and Electronics Engineers Inc.},
    doi = {10.1109/79.985676},
    issn = {10535888}
}

@article{Elbir2015SOURCEEngineering,
    title = {{SOURCE LOCALIZATION WITH SPARSE RECOVERY FOR COHERENT FAR- AND NEAR-FIELD SIGNALS Dept . of Electrical and Electronics Engineering}},
    year = {2015},
    author = {Elbir, Ahmet M and Tuncer, T Engin and East, Middle},
    number = {1},
    pages = {124--129},
    isbn = {9781467391696}
}

@article{Wijenayake2013Space-timeCircuits,
    title = {{Space-time spectral white spaces in cognitive radio: Theory, algorithms, and circuits}},
    year = {2013},
    journal = {IEEE Journal on Emerging and Selected Topics in Circuits and Systems},
    author = {Wijenayake, Chamith and Madanayake, Arjuna and Kota, John and Bruton, Len},
    number = {4},
    pages = {640--653},
    volume = {3},
    doi = {10.1109/JETCAS.2013.2280805},
    issn = {21563357},
    keywords = {Antenna arrays, infinite impulse response (IIR), spectrum sensing}
}

@article{Jamali-Rad2012SparsePoints,
    title = {{Sparse multi-target localization using cooperative access points}},
    year = {2012},
    journal = {Proceedings of the IEEE Sensor Array and Multichannel Signal Processing Workshop},
    author = {Jamali-Rad, Hadi and Ramezani, Hamid and Leus, Geert},
    pages = {353--356},
    isbn = {9781467310710},
    doi = {10.1109/SAM.2012.6250509},
    issn = {2151870X}
}

@article{Yoon2009SpatialImaging,
    title = {{Spatial filtering for wall-clutter mitigation in through-the-wall radar imaging}},
    year = {2009},
    journal = {IEEE Transactions on Geoscience and Remote Sensing},
    author = {Yoon, Yeo Sun and Amin, Moeness G.},
    number = {9},
    pages = {3192--3208},
    volume = {47},
    isbn = {0196-2892 VO  - 47},
    doi = {10.1109/TGRS.2009.2019728},
    issn = {01962892},
    keywords = {Notch filtering, Spatial processing, Through-the-wall radar}
}

@book{BenestySpringerArrays,
    title = {{Springer Topics in Signal Processing Design of Circular Differential Microphone Arrays}},
    author = {Benesty, Jacob},
    isbn = {9783319148410}
}

@article{Luan2011StabilizationDelays,
    title = {{Stabilization of networked control systems with random delays}},
    year = {2011},
    journal = {IEEE Transactions on Industrial Electronics},
    author = {Luan, Xiaoli and Shi, Peng and Liu, Fei},
    isbn = {9781123478},
    doi = {10.1109/TIE.2010.2102322},
    issn = {02780046},
    keywords = {Networked control systems (NCSs), observer-based control, random actuation delays, random measurement delays}
}

@misc{UnnikrishnaPillai1987StatisticalMatrix,
    title = {{Statistical Analysis of a High Resolution Spatial Spectrum Estimator Utilizing an Augmented Covariance Matrix}},
    year = {1987},
    booktitle = {IEEE Transactions on Acoustics, Speech, and Signal Processing},
    author = {Unnikrishna Pillai, S. and Haber, Fred},
    doi = {10.1109/TASSP.1987.1165068},
    issn = {00963518},
    arxivId = {1308.1352}
}

@misc{UnnikrishnaPillai1987StatisticalMatrixb,
    title = {{Statistical Analysis of a High Resolution Spatial Spectrum Estimator Utilizing an Augmented Covariance Matrix}},
    year = {1987},
    booktitle = {IEEE Transactions on Acoustics, Speech, and Signal Processing},
    author = {Unnikrishna Pillai, S. and Haber, Fred},
    doi = {10.1109/TASSP.1987.1165068},
    issn = {00963518},
    arxivId = {1308.1352}
}

@book{DimitrisG.Manolakis2000StatisticalProcessing,
    title = {{Statistical and Adaptive Signal Processing}},
    year = {2000},
    author = {Dimitris G. Manolakis, Vinay K. Ingle, Stephen M. Kogon},
    isbn = {0071166602}
}

@article{Wang2013StatisticsRedundancy,
    title = {{Statistics Without Redundancy}},
    year = {2013},
    author = {Wang, Feng and Cui, Xiaowei and Lu, Mingquan},
    number = {5},
    pages = {495--498},
    volume = {20}
}

@article{Huang2016SumEstimation,
    title = {{Sum and difference coarray based MIMO radar array optimization with its application for DOA estimation}},
    year = {2016},
    journal = {Multidimensional Systems and Signal Processing},
    author = {Huang, Yan and Liao, Guisheng and Li, Jun and Li, Jie and Wang, Hai},
    number = {61431016},
    pages = {1--20},
    publisher = {Springer US},
    isbn = {1104501603872},
    doi = {10.1007/s11045-016-0387-2},
    issn = {15730824},
    keywords = {Difference coarray, Direction-of-arrival (DOA) estimation, Modified minimum redundancy monostatic multiple-in, Sum coarray, Toeplitz approximation method (TAM)}
}

@article{Liu2016SuperFundamentals,
    title = {{Super Nested Arrays : Linear Sparse Arrays With Reduced Mutual Coupling — Part I : Fundamentals}},
    year = {2016},
    author = {Liu, Chun-lin and Member, Student and Vaidyanathan, P P},
    number = {15},
    pages = {3997--4012},
    volume = {64}
}

@article{Liu2016SuperExtensions,
    title = {{Super Nested Arrays : Linear Sparse Arrays With Reduced Mutual Coupling — Part II : High-Order Extensions}},
    year = {2016},
    author = {Liu, Chun-lin and Member, Student and Vaidyanathan, P P},
    number = {16},
    pages = {4203--4217},
    volume = {64}
}

@article{RomeroDanielElectr.Comput.Eng.Univ.ofMinnesotaMinneapolisMN2015SUPER-RESOLUTION,
    title = {{SUPER-RESOLUTION RFI LOCALIZATION WITH COMPRESSIVE SENSING IN SYNTHETIC APERTURE INTERFEROMETRIC RADIOMETERS School of Electronic Information and Communication , National Key Laboratory of Science and Technology on Multi-spectral Information Processing ,}},
    year = {2015},
    author = {Romero, Daniel Electr. {\&} Comput. Eng., Univ. of Minnesota, Minneapolis, MN, USA and Leus, Dyonisius Dony Ariananda ; Zhi Tian ; Geert},
    number = {1},
    pages = {4734--4737},
    isbn = {9781479979295}
}

@techreport{HyvvrinenSurveyAnalysis,
    title = {{Survey on Independent Component Analysis}},
    author = {Hyvvrinen, Aapo},
    url = {www.icsi.berkeley.edu/}
}

@article{Fresno2017SurveyAlgorithms,
    title = {{Survey on the performance of source localization algorithms}},
    year = {2017},
    journal = {Sensors (Switzerland)},
    author = {Fresno, José Manuel and Robles, Guillermo and Mart{\'{i}}nez-Tarifa, Juan Manuel and Stewart, Brian G.},
    number = {11},
    month = {11},
    volume = {17},
    publisher = {MDPI AG},
    doi = {10.3390/s17112666},
    issn = {14248220},
    pmid = {29156565},
    keywords = {Bancroft, Combined algorithm, Emitter localization, Hyperbolic least squares, Hyperbolic positioning, Maximum likelihood estimator, Particle swarm optimization, Source localization, Standard least squares}
}

@article{Joshi2012SynthesisApplications,
    title = {{Synthesis and array processor realization of a 2-D IIR beam filter for wireless applications}},
    year = {2012},
    journal = {IEEE Transactions on Very Large Scale Integration (VLSI) Systems},
    author = {Joshi, Rimesh M. and Madanayake, Arjuna and Adikari, Jithra and Bruton, Len T.},
    number = {12},
    pages = {2241--2254},
    volume = {20},
    isbn = {1063-8210},
    doi = {10.1109/TVLSI.2011.2174167},
    issn = {10638210},
    keywords = {Array processors, bit error rate (BER), digital phased array feed (PAF), field-programmable gate array (FPGA), multidimensional digital filters, spatial modulation, systolic, wavefront, wireless}
}

@article{Murakoshi1994SynthesisCoefficients,
    title = {{Synthesis of Variable IIR Digital Filters with Complex Coefficients}},
    year = {1994},
    journal = {Translated from Denshi Joho Tsushin Gakkai Ronbunshi},
    author = {Murakoshi, Nobuo and Nishihara, Akinori and Watanabe, Eiji},
    number = {12},
    pages = {1694--1703},
    volume = {3},
    keywords = {Complex coefficient, IIR filter, bandwidth, cut-off frequency, variable}
}

@article{Ahmad2005SyntheticWall,
    title = {{Synthetic aperture beamformer for imaging through a dielectric wall}},
    year = {2005},
    journal = {IEEE Transactions on Aerospace and Electronic Systems},
    author = {Ahmad, F. and Amin, M.G. and Kassam, S.A.},
    number = {1},
    month = {1},
    pages = {271--283},
    volume = {41},
    publisher = {IEEE},
    url = {http://ieeexplore.ieee.org/articleDetails.jsp?arnumber=1413761},
    doi = {10.1109/TAES.2005.1413761},
    issn = {0018-9251},
    keywords = {Aperture antennas, Array signal processing, Dielectrics, Microwave imaging, Microwave propagation, Optical reflection, Spatial resolution, Transmitters, Ultrasonic imaging, Wideband, acquisition beamforming, array signal processing, coarray-based aperture synthesis, dielectric wall, microwave antenna arrays, microwave imaging, microwave propagation, synthetic aperture beamformer, through-the-wall imaging system, wave refraction, wideband microwave imaging},
    language = {English}
}

@article{Madanayake2009SystolicWDFs,
    title = {{Systolic array processors for 2D IIR spatio-temporal beamforming wave-digital filters (WDFs)}},
    year = {2009},
    journal = {IEEE Pacific RIM Conference on Communications, Computers, and Signal Processing - Proceedings},
    author = {Madanayake, H. L.P.Arjuna and Bruton, Leonard T.},
    number = {1},
    pages = {47--52},
    isbn = {9781424445615},
    doi = {10.1109/PACRIM.2009.5291398}
}

@inproceedings{Godrich2008TargetRadars,
    title = {{Target localization accuracy and multiple target localization: Tradeoff in MIMO radars}},
    year = {2008},
    booktitle = {Conference Record - Asilomar Conference on Signals, Systems and Computers},
    author = {Godrich, Hana and Haimovich, Alexander M. and Blum, Rick S.},
    isbn = {9781424429417},
    doi = {10.1109/ACSSC.2008.5074479},
    issn = {10586393},
    keywords = {CRLB, MIMO radars, Target localization}
}

@inproceedings{Godrich2008TargetRadar,
    title = {{Target localization techniques and tools for MIMO radar}},
    year = {2008},
    booktitle = {2008 IEEE Radar Conference, RADAR 2008},
    author = {Godrich, Hana and Haimovich, Alexander M. and Blum, Rick S.},
    isbn = {9781424415397},
    doi = {10.1109/RADAR.2008.4720924},
    issn = {1097-5659},
    keywords = {Adaptive array, MIMO radar, Spatial processing}
}

@article{Boyd2015TheProblems,
    title = {{The Alternating Descent Conditional Gradient Method for Sparse Inverse Problems}},
    year = {2015},
    author = {Boyd, Nicholas and Schiebinger, Geoffrey and Recht, Benjamin},
    pages = {1--21},
    url = {http://arxiv.org/abs/1507.01562},
    arxivId = {1507.01562}
}

@article{Recursive1987TheFilters,
    title = {{The Design of Highly Selective Adaptive Cone Filters}},
    year = {1987},
    author = {Recursive, Three-dimensional},
    volume = {di}
}

@article{DebmnnerTHESTRATEGIES,
    title = {{THE DESIGN OF LOW SENSITIVITY DIGITAL FILTERS USING MULTI-CRITERION OPTIMIZATION STRATEGIES}},
    author = {Debmnner, Victor E}
}

@article{ConstantinidesTHEFilters,
    title = {{THE INSTITUTION OF ELECTRICAL ENGINEERS-, volume 117 Electronics Spectral transformations for digital filters}},
    author = {Constantinides, A G}
}

@article{BrandtPetersenMichaelSyskindPedersen2012TheCookbook,
    title = {{The Matrix Cookbook}},
    year = {2012},
    author = {Brandt Petersen Michael Syskind Pedersen, Kaare and Baxter, Bill and Templeton, Brian and Rish{\o}j, Christian and Schr{\"{o}}ppel, Christian and Boley, Dan and Theobald, Douglas L and Hoegh-Rasmussen, Esben and Karseras, Evripidis and Martius, Georg and Casteel, Glynne and Larsen, Jan and Bin Gao, Jun and Struckmeier, Jürgen and Dedecius, Kamil and Abou-Moustafa, Karim T and Strimmer, Korbinian and Christiansen, Lars and Kai Hansen, Lars and Wilkinson, Leland and He, Liguo and Thibaut, Loic and Froeb, Markus and Hubatka, Michael and Bar{\~{a}}o, Miguel and Winther, Ole and Sakov, Pavel and Hattinger, Stephan and Pedersen, Troels and Sima, Vasile and Rabaud, Vincent},
    keywords = {Matrix algebra, derivative of determinant, derivative of inverse matrix, differentiate a matrix, matrix identities, matrix relations}
}

@article{Theoryz-lib.org,
    title = {{Theory and Application of Digital Signal Processing by Lawrence R. Rabiner, Bernard Gold (z-lib.org)}}
}

@article{Ward1995TheoryPatterns,
    title = {{Theory and design of broadband sensor arrays with frequency invariant far-field beam patterns}},
    year = {1995},
    journal = {The Journal of the Acoustical Society of America},
    author = {Ward, Darren B.},
    number = {2},
    pages = {1023},
    volume = {97},
    doi = {10.1121/1.412215},
    issn = {00014966}
}

@article{Liu2015ThreeArray,
    title = {{Three Types of Cumulant Matrices For DOA Estimation of Coherent Signals Based on a Uniform Circular Array}},
    year = {2015},
    author = {Liu, Menghan and Gao, Shangwei and Yin, Jihao},
    number = {Iccsnt},
    pages = {1441--1444},
    isbn = {9781467381734},
    keywords = {coherent signals, cumulant, direction of arrival, fourth-order, uniform circular array}
}

@article{Bruton2003Three-dimensionalBanks,
    title = {{Three-dimensional cone filter banks}},
    year = {2003},
    journal = {IEEE Transactions on Circuits and Systems I: Fundamental Theory and Applications},
    author = {Bruton, L. T.},
    number = {2},
    pages = {208--216},
    volume = {50},
    doi = {10.1109/TCSI.2002.808200},
    issn = {10577122},
    keywords = {Three-dimensional (3-D) cone filters}
}

@article{Bruton1985Three-dimensionalResonance,
    title = {{Three-dimensional image processing using the concept of network resonance}},
    year = {1985},
    journal = {IEEE Transactions on Circuits and Systems},
    author = {Bruton, L. and Bartley, N.},
    number = {7},
    pages = {664--672},
    volume = {32},
    url = {http://ieeexplore.ieee.org/document/1085773/},
    doi = {10.1109/TCS.1985.1085773},
    issn = {0098-4094}
}

@article{Bruton1985Three-DimensionalResonanceb,
    title = {{Three-Dimensional Image Processing Using the Concept of Network Resonance}},
    year = {1985},
    journal = {IEEE Transactions on Circuits and Systems},
    author = {Bruton, Leonard T. and Bartley, Norman R.},
    doi = {10.1109/TCS.1985.1085773},
    issn = {00984094}
}

@article{Time-DomainResponse,
    title = {{Time-Domain Response}}
}

@article{KatoTimeGraph:Environments,
    title = {{TimeGraph: GPU Scheduling for Real-Time Multi-Tasking Environments}},
    author = {Kato, Shinpei and Lakshmanan, Karthik and Rajkumar, Ragunathan and Ishikawa, Yutaka}
}

@article{Mendel1991TutorialApplications,
    title = {{Tutorial on higher-order statistics (spectra) in signal processing and system theory: theoretical results and some applications}},
    year = {1991},
    journal = {Proceedings of the IEEE},
    author = {Mendel, J M},
    number = {3},
    pages = {278--305},
    volume = {79},
    isbn = {0018-9219 VO - 79},
    doi = {10.1109/5.75086},
    issn = {00189219},
    keywords = {Biomedical measurements, Biomedical signal processing, Colored noise, Gaussian noise, Higher order statistics, Noise measurement, Plasma measurements, Signal processing, Signal processing algorithms, Tutorial, autoregressive moving average, bicepstral formulas, cumulant-polyspectra formulas, harmonic processes, higher-order statistics, identification, impulse response formulas, linear systems, multichannel formulas, multichannel systems, one-dimensional processes, signal processing, system theory, vector processes}
}

@misc{Krim1996TwoResearch,
    title = {{Two Decades of Array Signal Processing Research}},
    year = {1996},
    booktitle = {IEEE Signal Processing Magazine},
    author = {Krim, Hamid and Viberg, Mats},
    number = {4},
    pages = {67--94},
    volume = {13},
    isbn = {1053-5888},
    doi = {10.1109/79.526899},
    issn = {10535888},
    pmid = {19006691},
    keywords = {array signal processing, correlation methods, maximum likelihood estimation (MLE), signal sampling, spectral analysis}
}

@article{M.M.Ekanayake1996Two-dimensionalRealizations,
    title = {{Two-dimensional delta-operator formulated discrete-time systems: analysis and synthesis of minimum roundoff noise realizations}},
    year = {1996},
    journal = { Circuits and Systems, 1996. ISCAS '96., Connecting the World., 1996 IEEE International Symposium on},
    author = {{M.M. Ekanayake} and Dept. of Electr. {\&} Comput. Eng., Miami Univ., FL, USA and {K. Premaratne} and Dept. of Electr. {\&} Comput. Eng., Miami Univ., FL, USA},
    url = {http://ieeexplore.ieee.org/document/540390/},
    doi = {10.1109/ISCAS.1996.540390}
}

@article{Liu2014Two-DimensionalArray,
    title = {{Two-Dimensional DOA Estimation Using a Co-Prime Symmetric Cross Array}},
    year = {2014},
    journal = {Progress In Electromagnetics Research C},
    author = {Liu, Sheng and Yang, Li Sheng and Wu, De Cheng and Huang, Jian Hua},
    number = {August},
    pages = {67--74},
    volume = {54},
    issn = {15309681}
}

@article{Liu2016Two-DimensionalCoupling,
    title = {{Two-Dimensional Sparse Arrays with Hole-Free Coarray and Reduced Mutual Coupling}},
    year = {2016},
    author = {Liu, Chun-lin and Vaidyanathan, P P},
    number = {2},
    pages = {1508--1512},
    isbn = {9781538639542}
}

@techreport{YangLiuqingandGiannakisUltra-widebandCome,
    title = {{Ultra-wideband communications: an idea whose time has come}},
    author = {Yang, Liuqing and Giannakis, Georgios B}
}

@article{He2015UnderdeterminedFitting,
    title = {{Underdetermined DOA estimation for wideband signals using robust sparse covariance fitting}},
    year = {2015},
    journal = {IEEE Signal Processing Letters},
    author = {He, Zhen Qing and Shi, Zhi Ping and Huang, Lei and So, Hing Cheung},
    number = {4},
    pages = {435--439},
    volume = {22},
    isbn = {1070-9908},
    doi = {10.1109/LSP.2014.2358084},
    issn = {10709908},
    keywords = {Co-array, direction-of-arrival (DOA) estimation, sparse spectrum fitting (SpSF), wideband signal}
}

@article{Choi2015UnderdeterminedOptimization,
    title = {{Underdetermined High-Resolution DOA Estimation : A th-Order Source-Signal / Noise Subspace Constrained Optimization}},
    year = {2015},
    author = {Choi, Jin Ho and Member, Student and Yoo, Chang D and Member, Senior},
    number = {7},
    pages = {1858--1873},
    volume = {63}
}

@article{Hum2009UWBFilters,
    title = {{UWB beamforming using 2-D beam digital filters}},
    year = {2009},
    journal = {IEEE Transactions on Antennas and Propagation},
    author = {Hum, S. V. and Madanayake, H. L P A and Bruton, L. T.},
    number = {3},
    pages = {804--807},
    volume = {57},
    isbn = {9781424420421},
    doi = {10.1109/TAP.2009.2013442},
    issn = {0018926X},
    keywords = {Antenna arrays, Array signal processing, Multidimensional (MD) digital filters, Ultrawideband (UWB) antennas}
}

@article{Hum2009UWBFiltersb,
    title = {{UWB beamforming using 2-D beam digital filters}},
    year = {2009},
    journal = {IEEE Transactions on Antennas and Propagation},
    author = {Hum, S. V. and Madanayake, H. L.P.A. and Bruton, L. T.},
    isbn = {9781424420421},
    doi = {10.1109/TAP.2009.2013442},
    issn = {0018926X},
    keywords = {Antenna arrays, Array signal processing, Multidimensional (MD) digital filters, Ultrawideband (UWB) antennas}
}

@article{Nehorai1994VectorLocalization,
    title = {{Vector -Sensor Array Processing for Electromagnetic Source Localization}},
    year = {1994},
    journal = {IEEE TRANSACTIONS ON SIGNAL PROCESSING},
    author = {Nehorai, Arye and Paldi, Eytan},
    number = {2},
    volume = {42}
}

@article{Vaidyanathan1985VeryConcept,
    title = {{Very Low Sensitivity FIR Filter Implementation Using “Structural Passivity” Concept}},
    year = {1985},
    journal = {IEEE Transactions on Circuits and Systems},
    author = {Vaidyanathan, P. P. and Mitra, Sanjit K.},
    doi = {10.1109/TCS.1985.1085717},
    issn = {00984094}
}

@article{Mitra1987VeryStructures,
    title = {{Very Low Sensitivity Realization of IIR Digital Filters Using a Cascade of Complex All-Pass Structures}},
    year = {1987},
    journal = {IEEE Transactions on Circuits and Systems},
    author = {Mitra, Sanjit K.},
    doi = {10.1109/TCS.1987.1086237},
    issn = {00984094}
}

@book{Ashenden2007VHDL-2008:Stuff,
    title = {{VHDL-2008: just the new stuff}},
    year = {2007},
    author = {Ashenden, PJ and Lewis, J},
    pages = {244},
    url = {http://books.google.com/books?hl=en&lr=&id=ETxLguPMEY0C&oi=fnd&pg=PP2&dq=VHDL-2008+Just+the+new+stuff&ots=q7s-Pq1UAX&sig=A__Kyg909tIRQDce1TLTPi_xnlo},
    isbn = {9780123742490}
}

@article{Mousazadeh2013VoiceClustering,
    title = {{Voice Activity Detection in Presence of Transient Noise Using Spectral Clustering}},
    year = {2013},
    journal = {IEEE Transactions on Audio, Speech, and Language Processing},
    author = {Mousazadeh, S. and Cohen, I.},
    number = {6},
    month = {2},
    pages = {1261--1271},
    volume = {21},
    publisher = {Institute of Electrical and Electronics Engineers (IEEE)},
    doi = {10.1109/tasl.2013.2248717},
    issn = {1558-7916}
}

@article{Fettweis1986WavePractice,
    title = {{Wave digital filters: Theory and practice}},
    year = {1986},
    journal = {Proceedings of the IEEE},
    author = {Fettweis, a.},
    number = {2},
    pages = {270--327},
    volume = {74},
    doi = {10.1109/PROC.1986.13458},
    issn = {00189219}
}

@article{Fante2000WidebandArray,
    title = {{Wideband cancellation of interference in a GPS receive array}},
    year = {2000},
    journal = {IEEE Transactions on Aerospace and Electronic Systems},
    author = {Fante, R. L. and Vaccaro, J. J.},
    number = {2},
    pages = {549--564},
    volume = {36},
    doi = {10.1109/7.845241},
    issn = {00189251}
}

@article{Ariyarathna2015WidebandProcessing,
    title = {{Wideband Mixed Microwave-Digital 2-D IIR Beam Filters for Nested Uniform Linear Array Processing}},
    year = {2015},
    author = {Ariyarathna, Viduneth and Agathoklis, Pan},
    pages = {0--4},
    isbn = {9781467372183}
}

@article{Nishikawa2005WidebandFilter,
    title = {{Wideband multi-beam forming method using delayed array sensors and two-dimensional digital filter}},
    year = {2005},
    journal = {Electronics and Communications in Japan, Part III: Fundamental Electronic Science (English translation of Denshi Tsushin Gakkai Ronbunshi)},
    author = {Nishikawa, Kiyoshi},
    number = {12},
    pages = {1--12},
    volume = {88},
    doi = {10.1002/ecjc.20175},
    issn = {10420967},
    keywords = {Array sensor, Beam forming, Fan filter, Multi-beam, Two-dimensional spectrum}
}

@article{Bocchiaro2016WorldC,
    title = {{World ' s largest Science , Technology {\&} Medicine Open Access book publisher c}},
    year = {2016},
    journal = {RFID Technology, Security Vulnerabilities, and Countermeasures},
    author = {Bocchiaro, Piero and Zamperini, Andriano},
    isbn = {9789537619343},
    doi = {10.5772/711},
    issn = {9789533070865}
}

@article{ramodWP1SETTING,
    title = {{WP1 = SI5 FILTERING AND SMOOTHING IN AN H" SETTING}},
    author = {'ramod, F and Khargonekar, P and Nagpal, Krishan M}
}

@article{NikolovaXFilters,
    title = {{X Complex Coefficient IIR Digital Filters}},
    author = {Nikolova, Zlatka and Stoyanov, Georgi and Iliev, Georgi and Poulkov, Vladimir}
}

@inproceedings{Chiriac2010ZivSystems,
    title = {{Ziv - Zakai lower bound on target localization estimation in MIMO radar systems}},
    year = {2010},
    booktitle = {IEEE National Radar Conference - Proceedings},
    author = {Chiriac, Vlad M. and Haimovich, Alexander M.},
    isbn = {9781424458127},
    doi = {10.1109/RADAR.2010.5494535},
    issn = {10975659},
    keywords = {Parameter estimation, Performance bounds, Target localization}
}

@misc{Benjamin_Graham_Jason_Zweig_Warren_E._Buffett_BookZZ.org.pdf,
    title = {{[Benjamin{\_}Graham,{\_}Jason{\_}Zweig,{\_}Warren{\_}E.{\_}Buffett]{\_}(BookZZ.org).pdf}}
}

@article{Steven_M._Kay_Fundamentals_of_Statistical_Signal-PART_I,
    title = {{[Steven{\_}M.{\_}Kay]{\_}Fundamentals{\_}of{\_}Statistical{\_}Signal-PART{\_}I}}
}

@article{Steven_M._Kay_Fundamentals_of_Statistical_Signal-PART_II,
    title = {{[Steven{\_}M.{\_}Kay]{\_}Fundamentals{\_}of{\_}Statistical{\_}Signal-PART{\_}II}}
}

@article{Steven_M._Kay_Fundamentals_of_Statistical_Signal-PART_III,
    title = {{[Steven{\_}M.{\_}Kay]{\_}Fundamentals{\_}of{\_}Statistical{\_}Signal-PART{\_}III}}
}