@article{cohen2004multichannel,
  title={Multichannel post-filtering in nonstationary noise environments},
  author={Cohen, Israel},
  journal={IEEE Transactions on Signal Processing},
  volume={52},
  number={5},
  pages={1149--1160},
  year={2004},
  publisher={IEEE}
}
@inproceedings{habets2006dual,
  title={Dual-microphone speech dereverberation in a noisy environment},
  author={Habets, Emanu{\"e}l AP and Gannot, Sharon and Cohen, Israel},
  booktitle={2006 IEEE International Symposium on Signal Processing and Information Technology},
  pages={651--655},
  year={2006},
  organization={IEEE}
}
@article{pavlidi2013real,
  title={Real-time multiple sound source localization and counting using a circular microphone array},
  author={Pavlidi, Despoina and Griffin, Anthony and Puigt, Matthieu and Mouchtaris, Athanasios},
  journal={IEEE Transactions on Audio, Speech, and Language Processing},
  volume={21},
  number={10},
  pages={2193--2206},
  year={2013},
  publisher={IEEE}
}
@article{liu2008design,
  title={Design of frequency invariant beamformers for broadband arrays},
  author={Liu, Wei and Weiss, Stephan},
  journal={IEEE Transactions on Signal Processing},
  volume={56},
  number={2},
  pages={855--860},
  year={2008},
  publisher={IEEE}
}
@inproceedings{yan2005design,
  title={Design of FIR beamformer with frequency invariant patterns via jointly optimizing spatial and frequency responses},
  author={Yan, Shefeng and Ma, Yuanliang},
  booktitle={Proceedings.(ICASSP'05). IEEE International Conference on Acoustics, Speech, and Signal Processing, 2005.},
  volume={4},
  pages={iv--789},
  year={2005},
  organization={IEEE}
}
@book{liu2010wideband,
  title={Wideband beamforming: concepts and techniques},
  author={Liu, Wei and Weiss, Stephan},
  volume={17},
  year={2010},
  publisher={John Wiley \& Sons}
}
@article{Hum2009BeamformingFilters,
    title = {{Beamforming using 2-D Digital Filters}},
    year = {2009},
    author = {Hum, S V and Madanayake, H L P A and Bruton, L T},
    number = {3},
    pages = {804--807},
    volume = {57}
}