@ARTICLE{9250728,
  author={Itay {Yehezkel Karo} and Tsvi Gregory {Dvorkind} and Israel {Cohen}},
  journal={IEEE Transactions on Signal Processing}, 
  title={Source Localization with Feedback Beamforming}, 
  year={2021},
  volume={69},
  number={},
  pages={631-640},
  doi={10.1109/TSP.2020.3034719}}